2496 3600
450 232 514 266 194

446 363 671 406 predecessor
695 364 819 403 noster,
844 363 905 396 sed
932 363 1064 396 illorum
1089 362 1352 404 dispositionem
1377 362 1410 395 et
1433 361 1680 395 ordinationem
1706 361 1772 395 sibi
1797 363 1830 395 et
1855 359 1935 395 Sedi
1953 360 2143 404 apostolice
2160 360 2193 394 in
2210 369 2274 403 po-
2316 358 2351 410 ἶ

446 428 573 459 sterum
597 426 697 459 duxit
722 426 980 465 resservandas,
1006 425 1070 458 nisi
1097 425 1275 458 dumtaxat
1300 424 1343 457 de
1368 424 1586 466 parochianis
1610 424 1760 466 antiquis
1785 424 1931 457 ecclesie
1967 423 2162 457 monasterii
2194 431 2273 466 pre-

448 489 554 529 libati,
578 489 636 531 qui
662 489 887 531 sepelirentur
910 488 1001 530 apud
1028 487 1270 520 monasterium
1284 487 1503 526 antedictum,
1528 486 1571 520 de
1595 495 1740 528 quorum
1773 486 1984 520 funeralibus
2008 488 2041 520 et
2065 485 2187 529 legatis
2211 493 2291 520 seu
2320 472 2363 524 ζξζῙ

448 551 574 584 relictis
599 551 744 593 aliisque
769 551 952 592 quibusvis
969 549 1202 582 oblationibus
1219 551 1251 582 et
1275 548 1554 588 obventionibus,
1567 557 1635 590 que
1650 549 1778 582 ratione
1792 557 1972 591 corporum
1997 548 2149 591 ipsorum
2175 556 2276 591 paro-

448 614 645 647 chianorum
665 613 891 655 provenirent,
906 613 1012 645 totum
1039 613 1074 644 ut
1098 612 1169 644 erat
1194 611 1359 645 hactenus
1383 613 1585 644 consuetum
1602 611 1737 644 cederet
1754 610 1879 644 Abbati
1897 612 1930 644 et
1946 609 2133 645 Canonicis
2149 619 2278 644 memo·

450 677 541 709 ratis.
560 675 717 709 Preterea
742 675 912 708 ordinavit
937 676 969 707 et
995 673 1103 706 voluit
1116 674 1190 716 ipse
1206 673 1373 707 lohannes
1387 674 1612 716 predecessor
1628 675 1663 707 ut
1680 673 1872 707 oblationes
1885 682 1952 716 que
1968 673 2151 707 offerentur
2167 673 2204 706 in
2227 673 2279 707 al·

449 740 510 772 tari
537 739 588 772 vel
614 738 694 771 alibi
721 739 753 770 in
780 737 984 770 monasterio
1010 737 1177 779 prelibato
1202 737 1235 770 in
1261 737 1416 779 pecunia,
1442 737 1565 779 pannis
1589 738 1623 770 et
1639 736 1820 776 similibus,
1837 737 1902 770 nisi
1919 736 2101 770 offerentes
2113 744 2279 779 expresse

449 802 698 843 distinguerent
723 801 805 842 quid
831 802 1040 842 quantumve
1067 799 1192 833 vellent
1216 809 1294 833 esse
1313 799 1458 833 Abbatis
1482 801 1515 833 et
1539 797 1790 834 Canonicorum
1815 802 1848 832 et
1872 799 1954 842 quid
1979 801 2188 842 quantumve
2212 798 2280 833 tra-
2319 794 2349 822 ³3

449 867 548 903 trum,
573 866 688 896 essent
725 871 925 896 communes
950 861 1076 895 Abbati
1101 864 1134 896 et
1158 860 1345 896 Canonicis
1370 871 1410 896 ac
1436 862 1597 896 fratribus
1622 862 1814 902 antedictis,
1840 864 1876 895 ut
1900 861 2059 895 videlicet
2094 861 2214 895 Abbas
2245 862 2280 895 et

450 925 614 960 Canoniei
641 926 856 958 medietatem
882 928 914 958 et
940 925 1061 958 fratres
1087 925 1207 967 prefati
1233 925 1397 968 reliquam
1423 925 1637 958 medietatem
1663 924 1874 959 oblationum
1889 924 2054 958 haberent
2069 924 2278 958 earundem:

450 989 515 1022 alie
541 998 621 1021 vero
647 988 851 1027 oblationes,
889 997 955 1030 que
992 987 1187 1030 specialiter
1222 988 1386 1030 predictis
1411 987 1536 1021 Abbati
1561 989 1595 1021 et
1618 985 1804 1022 Canonicis
1829 996 1849 1021 a
1872 987 2034 1020 fidelibus
2058 987 2136 1020 date
2160 986 2282 1027 forent,

451 1052 612 1084 cederent
637 1051 697 1091 eis;
724 1050 779 1083 ille
803 1052 915 1083 autern
942 1051 1137 1083 huiusmodi
1163 1050 1356 1084 oblationes
1373 1059 1440 1093 que
1457 1050 1611 1084 similiter
1627 1051 1757 1084 eisdem
1774 1050 1935 1084 tratribus
1959 1059 1980 1083 a
2003 1049 2106 1083 dictis
2121 1048 2283 1083 fidelibus
2310 1073 2335 1081 .-

451 1114 638 1147 existerent
662 1115 826 1156 errogate,
852 1115 1064 1146 remanerent
1088 1113 1250 1146 fratribus
1274 1113 1479 1146 memoratis.
1506 1112 1555 1146 Ea
1579 1114 1692 1146 tamen
1723 1122 1791 1155 que
1815 1113 1859 1146 ad
1885 1121 1983 1146 usum
2008 1112 2125 1146 altaris
2149 1111 2203 1145 vel
2226 1119 2286 1146 ec-
2316 1103 2351 1148 ξ

452 1177 557 1209 clesie
583 1185 644 1218 pro
670 1176 895 1209 luminaribus
920 1176 974 1209 vel
999 1176 1076 1209 aliis
1101 1175 1144 1208 ad
1170 1176 1324 1208 divinum
1349 1175 1476 1208 cultum
1509 1175 1634 1209 donate
1670 1175 1781 1208 forent
1805 1185 1825 1209 a
1849 1175 2010 1209 fidelibus
2035 1174 2224 1217 prelibatis,
2249 1173 2284 1208 ln

454 1248 553 1272 usum
579 1239 775 1272 huiusmodi
801 1238 991 1272 secundum
1017 1239 1100 1271 iuris
1125 1238 1332 1281 exigentiam
1358 1238 1634 1280 expenderentur
1649 1238 1794 1272 fideliter
1817 1240 1850 1272 et
1874 1239 1975 1272 etiam
1997 1238 2284 1272 converterentur.

453 1300 488 1335 Si
514 1303 626 1334 autem
651 1310 757 1343 super
781 1301 943 1343 predictis
969 1301 1023 1334 vel
1048 1301 1164 1344 aliquo
1190 1310 1250 1334 seu
1283 1301 1458 1343 aliquibus
1489 1301 1675 1334 eorundem
1700 1310 1740 1334 ac
1764 1301 1853 1335 circa
1878 1310 1920 1335 ea
1943 1301 2030 1334 inter
2059 1299 2228 1334 Abbatem
2250 1299 2286 1335 et
2324 1295 2341 1322 ³·'·

454 1363 650 1397 Canonicos
675 1373 718 1397 ex
744 1366 838 1406 parte
865 1373 931 1397 una
956 1366 989 1402 et
1013 1364 1132 1397 fratres
1157 1363 1308 1406 prefatos
1333 1373 1376 1397 ex
1402 1363 1506 1397 altera
1532 1365 1743 1406 contingeret
1767 1364 1916 1406 aliquam
1934 1363 2190 1406 ambiguitatem
2205 1362 2285 1396 orirl
2333 1348 2349 1411 [ᾗ

453 1427 584 1460 eisdem
622 1425 747 1459 Abbati
785 1424 972 1459 Canonicis
997 1428 1030 1459 et
1055 1425 1229 1459 Fratribus
1266 1426 1435 1459 licentiam
1471 1426 1644 1459 concessit
1670 1428 1705 1459 ut
1729 1434 1835 1468 super
1873 1426 1939 1459 hiis
1964 1426 2051 1459 inter
2081 1434 2119 1459 se
2142 1426 2288 1468 possent

456 1490 548 1531 quod
575 1490 625 1522 eis
651 1489 824 1522 videretur
859 1489 1022 1531 expedire
1059 1489 1239 1522 salubriter
1264 1489 1420 1522 ordinare
1446 1498 1486 1522 ac
1511 1490 1625 1531 petere
1659 1489 1907 1522 ordinationem
1932 1489 2128 1522 huiusmodi
2152 1497 2173 1522 a
2197 1486 2288 1523 Sede
2326 1482 2354 1497 ⁵

455 1553 609 1594 predicta
646 1552 703 1584 ubi
740 1560 830 1593 opus
866 1551 952 1584 foret
988 1552 1190 1591 confirmari,
1216 1553 1251 1584 ut
1275 1551 1463 1585 declaravit
1500 1552 1589 1585 idern
1623 1551 1789 1585 lohannes
1825 1552 2050 1594 predecessor
2084 1560 2148 1584 sue
2179 1551 2291 1585 inten·

455 1615 558 1647 tionis
583 1615 742 1654 existere,
768 1616 800 1647 et
826 1614 912 1647 velle
938 1615 1031 1656 quod
1057 1615 1219 1656 predictis
1245 1613 1370 1648 Abbati
1396 1617 1428 1647 et
1453 1613 1639 1648 Canonicis
1657 1623 1842 1656 eorumque
1859 1615 2123 1648 successoribus
2147 1614 2181 1647 in
2212 1621 2292 1656 per-
2323 1612 2360 1662 ᾖς

457 1678 596 1718 petuum
623 1677 828 1709 inconcussa
864 1679 896 1709 et
934 1677 1062 1710 illibata
1088 1678 1324 1718 permanerent
1351 1677 1465 1710 omnia
1489 1679 1522 1710 et
1546 1677 1682 1719 singula
1706 1670 1896 1719 privilegia,
1928 1677 2149 1719 indulgentie,
2173 1684 2291 1710 exem·
2329 1671 2355 1683 ”

457 1740 604 1781 ptiones‚
630 1739 812 1777 libertates,
840 1740 1080 1779 immunitates,
1106 1740 1248 1779 decime,
1273 1740 1443 1781 prioratus
1468 1739 1604 1781 aliaque
1629 1740 1790 1779 membra,
1815 1740 1966 1782 grangie,
1980 1739 2136 1779 ecclesie,
2150 1738 2291 1782 capelle,

458 1804 581 1841 castra,
608 1802 697 1842 ville,
723 1802 862 1842 casalia,
888 1803 1049 1842 maneria,
1074 1802 1208 1842 domus,
1225 1804 1323 1842 terre,
1342 1803 1452 1842 vinee,
1470 1803 1725 1844 possessiones,
1739 1804 1846 1844 prata,
1863 1811 2004 1844 pascua,
2028 1810 2177 1842 nemora,
2194 1801 2292 1843 silve,

460 1867 592 1906 stagna,
619 1864 725 1904 lacus,
751 1864 957 1903 molendina,
982 1865 1151 1898 decursus
1165 1874 1331 1906 aquarum
1345 1864 1480 1907 aliaque
1493 1865 1584 1898 bona
1598 1865 1737 1898 mobilia
1750 1866 1783 1897 et
1797 1864 1994 1904 immobilia,
2008 1865 2062 1898 ius
2079 1865 2291 1907 patronatus,

459 1930 662 1969 terramque,
689 1928 772 1967 iura,
797 1928 950 1960 actiones
976 1930 1008 1960 et
1034 1927 1288 1960 iurisdictiones
1325 1928 1476 1969 ipsorum
1501 1936 1541 1960 ac
1565 1928 1646 1960 dicti
1674 1928 1868 1961 monasterii
1895 1928 1928 1960 in
1961 1927 2236 1969 quibuscumque
2259 1928 2294 1961 et
2335 1921 2376 1972 [²

461 1990 669 2031 ubicumque
706 1990 933 2023 consisterent
970 1991 1002 2022 et
1038 1990 1314 2032 quibuscumque
1350 1990 1546 2023 nominibus
1571 1980 1800 2030 censerentur,
1826 1991 1862 2023 ut
1885 1999 1926 2023 ea
1961 1990 2075 2023 omnia
2097 1991 2132 2023 et
2154 1988 2292 2033 singula

461 2052 561 2094 plene
587 2062 626 2085 ac
652 2052 756 2085 libere
784 2053 947 2085 haberent
971 2053 1126 2094 ipsisque
1152 2053 1339 2094 gauderent
1363 2054 1394 2085 et
1419 2054 1591 2085 uterentur
1615 2055 1715 2094 prout
1739 2053 1782 2086 ad
1801 2053 1897 2095 ipsos
1913 2052 2128 2094 pertinebant
2150 2052 2295 2094 quibus—

465 2124 611 2156 cumque
645 2115 744 2147 iustis
777 2115 888 2148 modis
913 2124 975 2147 seu
999 2115 1106 2147 titulis
1131 2124 1170 2148 ac
1196 2115 1245 2148 eis
1271 2116 1501 2157 competerent
1526 2124 1568 2148 ex
1595 2115 1776 2158 privilegio
1801 2115 2050 2148 consuetudine
2066 2115 2122 2148 vel
2138 2114 2182 2148 de
2205 2115 2292 2148 iure:

462 2178 507 2210 ita
533 2177 625 2219 quod
651 2177 780 2209 nullum
806 2178 856 2210 eis
880 2178 995 2219 quoad
1033 2178 1201 2219 premissa
1237 2178 1415 2220 privilegia
1440 2179 1472 2211 et
1496 2178 1562 2211 alia
1588 2178 1823 2220 prenominata
1859 2179 1932 2211 iura
1956 2179 1988 2211 et
2012 2177 2102 2211 bona
2137 2178 2291 2220 ipsorum
2340 2170 2348 2186 ²

463 2249 524 2272 seu
551 2239 665 2281 aliqua
691 2240 744 2272 vel
770 2240 904 2281 aliquas
929 2241 1126 2280 eorundem,
1163 2241 1387 2282 preludicium
1413 2242 1592 2283 generetur
1616 2241 1670 2274 vel
1695 2240 1911 2274 obstaculum
1943 2240 2072 2274 valeret
2103 2239 2295 2282 quomodo-

464 2302 545 2335 libet
570 2302 758 2344 interponi:
785 2311 846 2344 per
870 2303 1022 2344 predicta
1047 2312 1186 2344 quoque
1212 2303 1300 2336 idem
1315 2302 1482 2336 lohannes
1499 2303 1724 2345 predecessor
1740 2312 1807 2336 non
1821 2304 2018 2337 intendebat
2031 2305 2068 2336 ut
2079 2303 2160 2336 dicti
2173 2302 2295 2336 fratres

463 2365 550 2406 ipsis
575 2364 700 2397 Abbati
726 2366 759 2397 et
783 2366 966 2398 conventui
992 2373 1054 2398 seu
1080 2363 1265 2398 Canonicis
1291 2367 1406 2399 essent
1430 2366 1575 2399 subiecti
1600 2375 1662 2399 nec
1685 2366 1784 2399 etiarn
1810 2375 1828 2399 e
1852 2374 2031 2406 converso,
2048 2365 2110 2399 sed
2127 2363 2294 2400 Canoniei

464 2427 585 2469 prefati
611 2429 712 2469 prout
735 2429 816 2460 tunc
841 2426 967 2460 Abbati
993 2428 1156 2460 suberant
1173 2428 1282 2461 eidem
1308 2430 1344 2461 ut
1367 2429 1615 2471 corrigerentur
1639 2430 1672 2462 et
1696 2429 1905 2471 punirentur,
1941 2429 1999 2462 ubi
2031 2437 2174 2462 necesse
2197 2427 2310 2469 foret,

462 2490 509 2522 ab
533 2490 665 2529 eodem,
694 2498 755 2522 nec
788 2499 855 2522 non
888 2490 1111 2523 observarent
1147 2499 1244 2523 suam
1281 2490 1431 2533 regulam
1468 2499 1620 2533 suasque
1649 2491 1760 2524 licitas
1784 2493 1817 2524 et
1841 2491 2005 2524 honestas
2028 2490 2296 2524 consuetudines

464 2553 554 2585 sicut
579 2553 695 2594 prius:
722 2552 865 2594 predicti
891 2561 973 2585 vero
1000 2552 1121 2586 fratres
1147 2553 1338 2586 secundum
1363 2553 1514 2596 regulam
1539 2554 1725 2587 eorundem
1750 2556 1782 2587 et
1806 2554 1985 2596 privilegia
2009 2555 2042 2587 et
2066 2553 2296 2596 indulgentias
2328 2540 2374 2598 ξ

464 2615 555 2647 dicte
581 2613 680 2648 Sedis
705 2615 771 2656 ipsi
798 2613 918 2648 Ordini
946 2615 1191 2648 Heremitarum
1206 2615 1355 2648 indultas
1373 2624 1524 2658 suasque
1549 2617 1818 2650 consuetudines
1841 2618 1875 2650 et
1899 2616 2162 2650 constitutiones
2185 2615 2297 2650 licitas
2339 2603 2371 2658 *fl

465 2678 499 2710 et
525 2677 686 2710 honestas
719 2677 884 2717 viverent,
913 2679 946 2710 et
973 2687 993 2710 a
1022 2678 1160 2719 prelatis
1193 2678 1441 2720 corrigerentur
1464 2688 1580 2712 eorum
1605 2681 1638 2712 et
1662 2679 1862 2722 punirentur
1885 2681 1986 2721 prout
2009 2687 2098 2721 opus
2121 2678 2218 2719 foret,
2241 2687 2298 2712 se·

466 2740 617 2772 cundum
642 2740 696 2772 sui
721 2738 862 2773 Ordinis
899 2740 1127 2782 disciplinam.
1153 2741 1225 2774 Nec
1250 2750 1317 2774 non
1354 2741 1609 2775 venerabilibus
1635 2741 1797 2775 fratribus
1821 2742 1948 2775 nostris
1971 2741 2134 2784 Papiensi
2157 2743 2191 2775 et
2213 2741 2298 2775 Ter-
2342 2753 2368 2792 ⁵.·

466 2802 612 2834 donensi
638 2801 822 2844 Episcopis
847 2811 887 2836 ac
913 2802 1037 2836 dilecto
1061 2803 1131 2836 filio
1156 2802 1407 2837 Archidiacono
1431 2802 1604 2846 Sigalonie
1629 2804 1663 2837 in
1687 2804 1835 2838 ecclesia
1858 2804 2094 2838 Aurelianensi
2122 2804 2298 2838 mandavit
2362 2807 2363 2811 ’

468 2864 561 2904 quod
587 2865 652 2906 ipsi
679 2864 732 2897 vel
757 2865 827 2898 duo
851 2867 910 2898 aut
935 2874 1023 2899 unus
1049 2875 1166 2899 eorum
1191 2875 1253 2908 per
1276 2875 1315 2900 se
1341 2866 1394 2900 vel
1420 2866 1523 2899 alium
1548 2875 1610 2900 seu
1635 2867 1732 2907 alios,
1757 2868 1931 2907 statutum,
1955 2867 2214 2907 ordinationem,
2237 2867 2298 2900 de-
2330 2858 2363 2895 7²

468 2927 597 2958 cretum
622 2928 655 2959 et
679 2926 888 2960 voluntatem
914 2929 1148 2970 suprascripta
1173 2931 1330 2962 curarent
1364 2930 1564 2963 auctoritate
1588 2929 1780 2972 apostolica
1802 2929 1995 2963 executioni
2019 2929 2134 2963 debite
2157 2929 2298 2963 deman·

469 2988 561 3027 dare,
586 2997 696 3030 eaque
732 2989 881 3023 facerent
905 2991 1044 3024 firmiter
1075 2991 1261 3031 observari,
1286 2992 1468 3034 dictosque
1501 2991 1651 3025 Priorem
1687 2991 1889 3026 Generalem
1914 2994 1946 3025 et
1970 2991 2103 3025 Fratres
2127 3001 2196 3025 non
2219 3000 2299 3034 per·
2345 2983 2358 3018 ⁷-

470 3050 639 3083 mitterent
664 3053 781 3084 contra
805 3054 980 3092 statutum,
998 3053 1258 3094 ordinationem,
1275 3054 1448 3087 decretum
1467 3056 1499 3087 et
1515 3054 1724 3088 voluntatem
1749 3054 1879 3096 prefata
1891 3054 1936 3087 ab
1948 3054 2122 3096 aliquibus
2146 3054 2297 3088 indebite
2347 3039 2384 3104 ,1¹

471 3112 654 3152 molestari,
691 3113 926 3147 molestatores
960 3115 1157 3148 huiusmodi
1182 3118 1215 3149 et
1240 3117 1508 3150 contradictores
1533 3116 1707 3159 quoslibet
1729 3118 1763 3150 et
1787 3116 1932 3150 rebelles
1956 3125 2017 3159 per
2039 3125 2219 3150 censuram
2243 3125 2300 3150 ec-
