2496 3600
1954 256 2015 287 165

200 392 261 418 seu
285 381 464 424 privillegii
488 381 604 414 datum
629 383 679 414 sic
704 383 852 415 continet
877 383 910 415 in
935 383 1067 416 effectu:
1093 383 1217 416 Datum
1235 383 1403 417 Avinione
1420 383 1491 416 XIII
1510 384 1673 417 kalendas
1690 384 1859 425 februarii,
1878 385 2017 419 Pontifi-

201 447 297 480 catus
321 443 526 478 sanctissimi
552 444 584 476 in
610 442 748 477 Christo
772 445 878 486 patris
903 447 936 478 et
960 446 1087 478 domini
1113 446 1240 478 domini
1267 445 1425 479 Iohannis
1450 446 1606 488 vigesimi
1631 447 1772 479 secund-i
1798 456 1886 479 anno
1913 449 2019 480 unde-

202 507 299 542 cimo.
323 505 475 548 Postque
498 506 658 538 dominus
684 505 802 539 Abbas
828 509 860 539 et
884 505 1048 540 Canonici
1074 508 1154 540 dicti
1188 508 1382 540 monasterii
1415 509 1522 540 sancti
1559 507 1648 540 Petri
1674 517 1717 541 ex
1743 517 1810 541 una
1846 511 1950 550 parte,
1987 512 2019 542 et

201 569 281 603 dicti
306 567 402 602 Prior
424 569 456 600 et
481 567 614 600 Fratres
630 577 673 600 ex
691 568 806 608 altera,
831 571 1058 610 pervenerunt
1082 570 1125 602 ad
1144 570 1288 602 invicem
1305 570 1349 602 ad
1367 572 1458 603 certa
1475 572 1575 611 pacta
1591 571 1623 602 et
1640 572 1750 603 certas
1767 571 2019 604 convenciones

139 638 158 651 ²*
191 632 235 665 in
258 630 384 674 quibus
407 630 493 663 inter
524 632 635 663 cetera
678 632 868 664 continetur
903 632 995 673 quod
1021 632 1048 664 si
1074 632 1154 664 dicti
1191 631 1310 665 Abbas
1346 634 1379 665 et
1414 630 1578 665 Canonici
1618 632 1797 665 aufferrent
1832 641 1893 665 seu
1923 642 2022 675 rape-

202 695 276 728 rent
295 694 423 735 partem
459 692 659 725 funeralium
685 702 751 734 que
776 693 974 726 offerrentur
1009 694 1098 726 dicte
1122 694 1277 733 ecclesie,
1313 695 1564 736 contingentem
1601 694 1702 739 dictis
1738 694 1922 734 Fratribus,
1963 694 2018 728 vel

139 758 152 784 Γ
201 763 221 790 e
243 763 411 789 converso
434 755 463 788 si
489 755 570 787 dicti
596 754 728 787 Fratres
753 755 933 788 aufferrent
957 764 1017 788 seu
1044 757 1200 797 raperent
1225 758 1352 797 partem
1370 756 1522 797 ipsorum
1543 756 1744 789 funeralium
1769 757 2020 798 contingentem

150 851 151 854 ,
175 843 177 846 -
204 818 291 861 ipsis
315 817 454 850 domino
479 816 604 849 Abbati
630 819 663 849 et
687 815 883 856 Canonicis,
909 818 1001 859 quod
1027 820 1107 851 tunc
1133 818 1189 851 illa
1214 827 1294 860 pars
1319 827 1385 860 que
1424 818 1603 851 offenderit
1627 827 1688 851 seu
1713 818 1896 860 culpabilis
1932 820 2024 852 esset

132 873 153 923 ’χ
201 881 243 914 de
266 880 440 922 predictis,
465 879 560 912 alteri
586 879 672 920 parti
699 879 775 912 lexe
801 879 833 911 in
859 880 1000 921 duplum
1027 881 1203 912 restituere
1227 882 1407 914 teneretur.
1445 880 1535 913 idem
1560 879 1721 914 Stetanus
1758 881 1849 913 dicto
1885 881 2021 913 nomine

131 954 164 991 :j
201 942 290 977 dicte
315 941 466 984 petitioni
492 941 577 974 alias
601 941 715 974 oblate
739 951 800 983 per
824 942 936 983 ipsum
962 940 1135 975 Stefanum
1161 942 1251 975 dicto
1277 943 1411 975 nomine
1437 944 1553 975 contra
1578 943 1689 976 dictos
1714 942 1863 975 Priorem
1888 945 1920 976 et
1945 943 2025 976 Fra-

200 1007 269 1039 tres
287 1004 531 1038 Heremitarum
549 1013 663 1036 coram
681 1004 781 1036 vobis
799 1004 937 1036 domino
954 1006 1194 1037 conservatore
1214 1005 1377 1046 predicto,
1395 1005 1554 1037 addendo
1572 1005 1637 1046 ipsi
1656 1005 1815 1046 peticioni
1834 1007 1865 1037 et
1878 1005 2025 1038 totaliter

130 1070 154 1105 {²
201 1068 396 1106 inherendo,
420 1066 507 1099 dixit
531 1068 564 1099 et
588 1067 670 1099 dicit
695 1067 786 1099 dicto
811 1067 945 1099 nomine
970 1067 1063 1108 quod
1089 1067 1169 1099 dicti
1196 1067 1329 1099 Fratres
1355 1067 1609 1106 Heremitarum,
1634 1067 1806 1100 abutendo
1838 1067 1930 1100 dicto
1955 1068 2024 1109 pri-

141 1142 153 1166 ⁴:
202 1130 338 1173 villegio
363 1139 424 1163 seu
450 1130 550 1162 dictis
575 1129 693 1162 litteris
718 1129 918 1170 apostolicis
943 1130 992 1161 sic
1017 1130 1067 1162 eis
1104 1130 1280 1162 concessis
1305 1138 1364 1170 per
1401 1129 1588 1163 Romanum
1625 1128 1832 1169 Pontificem,
1858 1131 2023 1162 venerunt

132 1203 159 1235 ³:
201 1194 234 1226 et
257 1191 390 1225 fuerunt
414 1193 531 1225 contra
555 1193 706 1224 tenorem
732 1191 898 1223 dictarum
924 1191 1106 1224 litterarum
1132 1193 1164 1224 et
1189 1191 1370 1233 privillegii
1396 1193 1428 1224 et
1452 1194 1567 1224 contra
1592 1193 1750 1224 contenta
1775 1192 1808 1224 in
1826 1192 1886 1231 eis,
1904 1193 2021 1224 contra

146 1251 153 1255 ”
202 1255 314 1297 ipsum
339 1254 553 1297 privilequm
579 1256 611 1286 et
635 1254 668 1286 in
693 1262 734 1286 eo
759 1255 918 1286 contenta
942 1254 1112 1286 veniendo
1149 1254 1275 1293 dietim,
1301 1254 1345 1286 ita
1370 1255 1402 1286 et
1426 1253 1548 1286 talliter
1582 1254 1674 1295 quod
1711 1254 1837 1286 dictum
1875 1253 2024 1295 priville·

131 1317 147 1334 ³
202 1317 293 1360 gium
318 1317 425 1350 tendit
449 1319 481 1350 et
505 1317 538 1349 in
562 1316 711 1349 futurum
736 1315 815 1357 plus
839 1315 976 1348 tendere
1002 1316 1124 1357 poterit
1148 1316 1190 1348 ad
1217 1324 1340 1348 noxam
1366 1317 1397 1348 et
1422 1315 1454 1347 in
1480 1316 1677 1348 massimum
1696 1316 1917 1357 preiudicIum
1935 1316 2024 1348 dicte

139 1383 150 1387 “’
202 1379 347 1413 ecclesie
371 1381 404 1413 et
428 1379 534 1412 divini
560 1379 671 1411 cultus
696 1380 728 1411 et
753 1378 918 1411 dictorum
944 1378 1071 1410 domini
1098 1377 1241 1410 Abbatis
1266 1379 1298 1410 et
1322 1375 1571 1410 Canonicorum
1597 1379 1629 1410 et
1646 1378 1795 1410 omnium
1813 1378 1858 1409 ibi
1876 1378 2026 1410 existen-

122 1442 142 1483 ᾗ
202 1442 306 1476 clum:
331 1444 470 1484 propter
492 1442 584 1483 quod
610 1443 643 1474 et
666 1443 805 1483 propter
828 1441 913 1474 alias
938 1441 1086 1473 rationes
1111 1442 1143 1473 et
1168 1449 1292 1472 causas
1317 1440 1350 1472 in
1376 1448 1541 1481 processu
1578 1448 1681 1472 cause
1707 1440 1936 1481 liquidandas‚
1961 1440 2023 1472 ho-

202 1505 411 1538 stendendas
435 1506 467 1538 et
491 1504 700 1547 allegandas,
715 1504 796 1537 dicti
822 1503 917 1536 Prior
942 1505 974 1536 et
999 1503 1133 1535 Fratres
1158 1504 1190 1535 et
1215 1501 1423 1544 Capitullum
1449 1502 1529 1535 dicti
1554 1502 1684 1535 ordinis
1709 1502 1952 1535 Heremitarum
1971 1511 2027 1534 ca·-

202 1575 273 1600 rere
297 1567 421 1600 debere
446 1567 602 1607 comodo,
628 1567 770 1599 utilitate
795 1568 826 1599 et
851 1566 1017 1599 beneficio
1041 1566 1120 1598 dicti
1147 1565 1315 1607 privilegii
1341 1567 1373 1597 et
1398 1565 1580 1597 litterarum
1620 1558 1898 1606 apostolicarum'
1914 1564 2027 1605 predi-

201 1631 340 1670 ctarum,
375 1632 408 1663 et
443 1630 533 1662 omni
570 1630 641 1662 iure
678 1630 728 1662 eis
764 1629 899 1671 quesito
924 1629 998 1661 eius
1023 1629 1149 1670 vigore.
1187 1627 1265 1660 Item
1291 1629 1322 1660 et
1361 1637 1437 1660 cum
1477 1627 1558 1660 dicti
1595 1627 1738 1667 Fratres,
1776 1627 1861 1660 ultra
1897 1629 2024 1668 partem

203 1701 269 1734 que
293 1693 358 1726 sibi
384 1692 602 1734 contingebat
626 1692 668 1724 de
693 1691 903 1724 funeralibus
929 1691 1091 1732 predictis
1116 1691 1158 1723 de
1183 1690 1308 1732 quibus
1333 1690 1369 1722 fit
1394 1690 1525 1722 mencio
1551 1690 1583 1721 in
1609 1689 1699 1722 dicta
1724 1690 1832 1730 prima
1849 1690 2022 1730 petitione,

129 1747 134 1759 ³
202 1756 329 1798 partem
354 1755 581 1797 predictorum
605 1754 806 1787 funeralium
832 1751 898 1796 que
923 1754 1142 1795 contingebat
1167 1753 1306 1794 prefatis
1343 1751 1487 1784 Abbatis
1513 1753 1544 1784 et
1568 1750 1754 1785 Canonicis
1790 1752 1870 1784 dicti
1909 1760 2026 1784 mona-

118 1859 125 1868 7
202 1818 294 1851 sterii
318 1817 544 1851 abstullerunt
568 1826 628 1850 seu
654 1818 838 1859 rapuerunt
862 1817 895 1848 in
921 1818 1038 1855 totum,
1064 1817 1200 1857 propter
1225 1815 1317 1856 quod
1350 1815 1504 1847 tenentur
1528 1814 1655 1847 eisdem
1681 1814 1819 1846 domino
1844 1813 1968 1846 Abbati
1994 1815 2026 1846 et

116 1898 139 1908 =
202 1878 386 1914 Canonicis
410 1881 454 1914 ad
478 1881 730 1914 restitucionem
756 1880 789 1912 in
814 1879 966 1921 duplum.
1008 1878 1087 1911 Item
1123 1878 1244 1911 asserit
1268 1880 1300 1910 et
1324 1877 1405 1910 dicit
1441 1877 1553 1909 dictus
1582 1875 1741 1910 Stetanus
1769 1876 1861 1909 dicto
1890 1877 2025 1909 nomine

201 1943 360 1976 addendo
371 1944 406 1976 ut
415 1943 617 1985 premittitur
629 1943 717 1975 dicte
732 1943 838 1984 prime
852 1941 1022 1983 peticioni,
1037 1941 1129 1982 quod
1143 1949 1219 1973 cum
1233 1940 1313 1972 dicti
1328 1939 1433 1978 Prior,
1449 1939 1581 1971 Fratres
1592 1940 1623 1972 et
1633 1937 1840 1980 Capitullum
1855 1939 2024 1971 dictorum

203 2005 353 2039 Fratrum
371 2005 615 2038 Heremitarum
640 2005 788 2038 investiti
814 2004 960 2037 fuissent
977 2004 1019 2037 ad
1037 2004 1150 2036 fictum
1176 2003 1386 2044 temporibus
1411 2002 1584 2035 retroactis
1602 2010 1662 2043 per
1679 2001 1845 2034 Abbatem
1864 2003 1895 2033 et
1913 1995 2036 2034 Can0-'

129 2088 135 2099 -,
203 2068 298 2101 nicos
322 2067 402 2101 dicti
428 2068 633 2107 monasterii,
659 2067 794 2100 nomine
820 2067 930 2108 ipsius
955 2066 1160 2105 monasterii,
1186 2066 1227 2098 de
1252 2065 1417 2098 sedimine
1442 2073 1510 2096 uno
1535 2064 1649 2105 posito
1674 2064 1706 2095 in
1731 2062 1839 2104 Papia
1864 2064 1896 2095 in
1923 2062 2024 2096 Porta

202 2129 371 2164 Laudensi
397 2131 429 2163 in
454 2129 621 2163 Parochia
645 2128 760 2163 Sancti
786 2129 852 2162 Viti
878 2128 994 2170 Papie‚
1020 2137 1057 2161 se
1083 2127 1182 2161 simul
1208 2129 1340 2160 tenente
1365 2136 1442 2159 cum
1467 2126 1557 2158 dicto
1590 2126 1806 2164 monasterio,
1843 2125 1934 2167 quod
1972 2134 2027 2158 se-

201 2193 314 2226 dimen
339 2195 391 2226 est
414 2193 604 2226 tabularum
630 2193 786 2234 quatuor,
811 2192 864 2224 cui
890 2191 1027 2224 coheret
1052 2199 1112 2223 seu
1138 2190 1297 2222 coherere
1323 2189 1502 2222 consuevit
1526 2188 1569 2220 ab
1588 2197 1654 2220 una
1671 2189 1765 2229 parte
1783 2187 1926 2220 heredes
1944 2196 2026 2220 con-

201 2254 279 2288 dam
304 2254 522 2298 Saglimbene
547 2255 589 2288 de
615 2253 716 2288 Sistis
740 2256 914 2295 tamquam
939 2253 1084 2286 fictualis
1109 2253 1189 2284 dicti
1215 2251 1421 2290 monasterii,
1447 2251 1490 2283 ab
1516 2259 1582 2282 una
1607 2250 1673 2282 alia
1691 2251 1784 2291 parte
1802 2250 1927 2282 dictum
1953 2258 2026 2281 mo-

202 2318 385 2351 nasterium
409 2318 517 2350 sancti
543 2316 643 2356 Petri,
668 2317 712 2349 ab
736 2316 812 2349 aliis
837 2316 973 2348 duabus
998 2315 1152 2357 partibus
1177 2315 1256 2347 dicti
1282 2314 1401 2346 fratres
1427 2315 1459 2345 et
1484 2311 1690 2354 Capitulum,
1715 2320 1775 2344 seu
1800 2313 1930 2344 tenetur
1965 2320 2026 2352 per

195 2381 314 2414 ¹dictos
338 2380 471 2414 Fratres
495 2382 528 2413 et
552 2378 761 2421 Capitullum
787 2379 1044 2418 Heremitarum,
1069 2378 1143 2410 sive
1168 2377 1246 2419 plus
1265 2376 1317 2409 vel
1336 2376 1447 2408 minus
1465 2376 1519 2415 sit,
1537 2375 1610 2407 sive
1629 2375 1674 2407 ibi
1692 2374 1756 2407 alie
1775 2374 1828 2406 vel
1846 2374 1942 2406 aliter
1956 2374 2023 2406 sint

202 2444 409 2483 coherencie,
434 2452 544 2485 usque
568 2443 611 2476 ad
636 2451 745 2475 annos
770 2442 922 2483 quinque
947 2443 1026 2474 tunc
1052 2441 1206 2482 proxime
1231 2439 1363 2472 futuros
1388 2440 1420 2471 et
1445 2447 1533 2470 nunc
1559 2437 1616 2470 diu
1642 2437 1770 2479 lapsos,
1796 2438 1828 2469 et
1853 2437 1944 2478 quod
1971 2445 2025 2469 se-

201 2506 326 2546 dimen,
350 2506 441 2539 dicto
465 2508 617 2547 tempore
642 2504 864 2546 quinquennii
890 2504 940 2536 sic
965 2503 1070 2542 finito,
1096 2502 1238 2544 predicti
1263 2501 1360 2534 Prior
1384 2502 1416 2533 et
1441 2500 1574 2533 Fratres
1600 2499 1843 2532 Heremitarum
1862 2507 1929 2531 una
1946 2507 2023 2531 cum

203 2569 539 2608 aliissediminibus,
557 2568 599 2601 de
617 2568 744 2610 quibus
769 2568 802 2600 in
827 2567 918 2599 dicta
943 2566 1050 2608 prima
1076 2566 1242 2607 peticione
1267 2565 1303 2597 tit
1328 2564 1470 2603 menci0‚
1495 2563 1698 2604 consignare
1723 2570 1762 2594 ac
1787 2561 1891 2594 libere
1913 2561 2026 2593 dimit-

36 2642 47 2685 ᾖ
111 2618 143 2672 -s,
202 2633 272 2666 tere
295 2634 328 2666 et
352 2632 504 2665 relaxare
530 2631 596 2673 ipsi
621 2630 760 2663 domino
785 2629 909 2662 Abbati
935 2630 967 2662 et
991 2627 1175 2662 Canonicis
1201 2628 1441 2660 recusaverunt
1466 2627 1497 2658 et
1521 2626 1680 2658 recusant
1705 2624 1781 2656 licet
1806 2623 1954 2676 indebite
1993 2625 2025 2656 et

203 2695 336 2728 iniuste:
362 2695 438 2727 ideo
463 2694 576 2727 dictus
601 2692 760 2727 Stetanus
785 2693 876 2725 dicto
901 2692 1036 2724 nomine
1062 2690 1247 2723 inherendo
1266 2691 1300 2721 ut
1318 2689 1518 2730 premittitur
1535 2687 1622 2720 dicte
1640 2687 1746 2728 prime
1763 2686 1922 2727 peticioni
1939 2685 2024 2718 alias

203 2757 315 2790 oblate
339 2759 456 2790 contra
479 2756 589 2789 dictos
614 2755 762 2788 Priorem
788 2757 820 2787 et
846 2754 978 2787 Fratres
1002 2755 1034 2786 et
1059 2752 1319 2794 probationibus
1342 2751 1442 2783 iactis
1466 2759 1579 2782 coram
1605 2749 1705 2781 vobis
1746 2748 1941 2789 vicarioque
1967 2757 2026 2780 ve-

38 2802 50 2866 ?
114 2818 139 2858 '4
204 2821 274 2853 stro
309 2829 368 2862 per
403 2819 529 2852 dictum
570 2817 744 2852 Stefanum
769 2817 860 2850 dicto
884 2816 1019 2849 nomme
1045 2817 1162 2848 contra
1202 2815 1298 2856 ipsos
1334 2813 1482 2846 Priorem
1508 2814 1540 2845 et
1565 2811 1709 2851 Fratres,
1746 2811 1829 2852 petit
1865 2819 1925 2852 per
1960 2819 2023 2843 vos

203 2881 376 2915 dominum
401 2883 676 2915 conservatorem
701 2889 743 2913 ae
767 2879 912 2912 iudicem
939 2878 1156 2920 pronuncIari
1182 2879 1214 2910 et
1238 2876 1400 2910 declarari
1426 2876 1536 2908 dictos
1568 2874 1717 2907 Priorem
1743 2875 1774 2906 et
1799 2873 1932 2905 Fratres
1968 2882 2024 2905 ca-

203 2953 274 2978 rere
298 2945 423 2978 debere
447 2944 603 2983 comodo,
629 2943 770 2976 utilitate
795 2951 834 2975 ac
861 2941 1026 2974 beneficio
1066 2940 1144 2973 dicti
1182 2939 1362 2981 privillegii
1398 2947 1438 2970 ac
1473 2937 1654 2970 litterarum
1691 2935 1955 2978 apostolicarum
1992 2937 2023 2968 et

202 3008 293 3040 omni
317 3008 388 3040 iure
413 3007 463 3040 eis
487 3007 622 3049 quesito
646 3015 762 3039 eorum
788 3005 905 3047 vigore
930 3006 963 3037 et
988 3013 1054 3036 non
1080 3011 1184 3044 posse
1210 3003 1256 3034 uti
1282 3002 1373 3034 dicto
1398 3000 1587 3043 privilegio.
1625 2999 1750 3032 Petens
1775 2999 1817 3031 ad
1843 2998 2020 3031 cautellam

203 3071 240 3103 ut
262 3078 323 3103 eos
346 3069 488 3112 privetis
512 3069 658 3102 comodo
682 3068 763 3101 dicti
788 3066 968 3109 privillegii
995 3068 1027 3099 et
1051 3065 1231 3098 declaretis
1255 3073 1315 3097 eos
1339 3063 1444 3096 teneri
1469 3063 1570 3096 dictis
1595 3062 1734 3094 domino
1759 3060 1883 3094 Abbati
1908 3062 1940 3093 et
1957 3059 2023 3093 Ca-

119 3126 130 3162 ἶ
189 3131 334 3166 Ἦοηίοίε
359 3131 438 3165 dicti
464 3131 659 3164 monasterii
685 3130 859 3163 restituere
885 3131 1013 3171 partem
1032 3128 1198 3161 dictorum
1216 3125 1416 3159 funeralium
1434 3127 1466 3159 et
1482 3125 1691 3158 oblationum
1709 3124 1741 3156 in
1759 3123 1900 3165 duplum
1923 3124 2022 3164 prout
