2496 3600
484 232 530 268 56

484 369 517 401 et
540 367 840 401 consencientibus
878 366 980 400 dictis
1004 375 1119 400 earum
1144 366 1237 406 viris,
1261 365 1424 408 predictis
1449 365 1647 406 venditioni,
1670 364 1883 406 tradditionl,
1906 365 2056 400 cessioni
2079 367 2114 400 et
2137 365 2304 401 bonorum
2335 353 2346 383 1>
2356 352 2384 408 »ε

483 429 682 472 obligationi
707 431 740 463 et
763 429 923 463 omnibus
947 430 980 463 et
1004 428 1149 472 singulis
1173 427 1337 470 predictis
1361 435 1528 470 expresse
1551 429 1810 461 consenserunt.
1833 426 1875 461 Et
1898 427 2182 462 renunciaverunt
2215 427 2305 463 dicte

484 491 620 525 domine
645 499 766 525 versus
789 491 917 525 dictum
941 490 1076 524 fratrem
1101 488 1346 529 Ouarducium,
1371 489 1590 532 recipientem
1607 490 1640 523 et
1657 488 1876 532 stipulantem
1900 489 2037 523 nomine
2060 489 2141 525 dicti
2165 488 2306 525 Ordinis
2355 484 2397 534 ςζν

485 553 741 594 Heremitarum‚
766 553 936 587 universis
961 553 1093 586 iuribus
1117 551 1358 595 ypotechariis,
1375 560 1442 594 que
1459 551 1549 585 dicte
1574 550 1711 585 domine
1728 553 1761 585 et
1777 550 1928 594 quelibet
1944 551 2095 595 ipsarum
2119 552 2306 593 habebant,
2357 546 2403 603 '4

483 618 516 650 et
539 617 590 650 eis
614 619 647 650 et
671 616 811 650 cuilibet
835 625 951 650 earum
976 615 1218 658 competebant
1241 615 1274 647 et
1298 614 1483 656 competita
1506 615 1601 648 erant
1625 614 1658 647 in
1683 613 1836 656 predicta
1859 614 1963 648 domo
1986 615 2146 658 superius
2169 614 2308 649 vendita
2374 601 2397 663 f

484 681 516 712 et
541 679 672 712 iuribus
695 679 815 712 cessis.
842 678 883 711 Et
906 678 940 711 in
965 686 1070 711 causa
1094 677 1275 710 evictionis
1300 676 1421 719 ipsius,
1435 676 1468 710 in
1492 675 1570 710 aliis
1593 676 1695 710 bonis
1718 676 1885 710 dictorum
1909 676 2058 720 virorum
2082 685 2221 711 suorum
2248 685 2308 711 oc-

484 741 622 774 casione
647 749 784 774 suarum
808 740 949 780 dotium,
965 739 1059 773 tercii
1084 739 1192 782 pluris
1209 747 1324 772 earum
1348 740 1381 772 et
1405 738 1527 772 iurium
1543 746 1683 772 suorum
1700 737 1864 772 dotalium
1888 740 1922 772 et
1944 738 2011 773 alia
2027 747 2244 782 quacumque
2260 739 2306 773 de

483 812 599 842 causa,
613 803 734 836 eadem
752 803 824 835 iura
841 804 873 835 et
890 801 956 835 alia
970 801 1121 844 quelibet
1145 800 1276 834 eisdem
1300 800 1507 840 dominabus
1530 802 1564 834 et
1580 799 1720 834 cuilibet
1736 800 1887 843 ipsarum
1905 801 2147 844 >competencia
2163 802 2197 835 et
2212 809 2307 835 com·

484 865 590 906 petita
608 865 640 897 in
663 864 828 906 predictis
844 863 1006 897 domibus
1026 865 1059 897 et
1079 863 1211 896 iuribus
1228 862 1339 896 cessis
1357 862 1468 896 eidem
1490 861 1582 895 fratri
1599 860 1798 896 Guarducio
1815 862 1990 905 recipienti
2011 864 2045 896 et
2057 862 2232 906 stipulanti
2248 870 2311 897 no·
2360 866 2379 876 “·

486 927 574 960 mine
599 927 679 959 dicti
694 925 834 960 Ordinis
852 925 1098 959 Heremitarum
1117 925 1325 959 remittentes
1339 933 1400 968 per
1412 926 1560 967 pactum.
1575 923 1615 958 Et
1628 924 1864 967 promittentes
1877 924 1970 958 dicto
1992 924 2085 959 fratri
2110 923 2309 960 Guarducio

486 989 660 1031 recipienti
685 990 719 1022 et
735 988 910 1030 stipulanti
929 987 1065 1021 nomine
1082 989 1115 1021 et
1131 988 1207 1021 vice
1223 987 1305 1021 dicti
1322 986 1463 1021 Ordinis
1480 986 1727 1020 Heremitarum
1744 986 1837 1029 quod
1859 987 1998 1021 stabunt
2013 989 2047 1021 et
2063 987 2316 1030 permanebunt

486 1053 651 1093 perpetuo
676 1059 797 1084 versus
821 1059 899 1084 eum
923 1050 1016 1084 dicto
1041 1050 1176 1083 nomine
1200 1051 1233 1083 et
1258 1058 1380 1083 versus
1404 1049 1532 1083 dictum
1568 1047 1732 1082 Ordinem
1764 1048 2011 1083 Heremitarum
2046 1049 2147 1084 tacite
2171 1051 2205 1084 et
2227 1058 2310 1084 con-
2352 1039 2386 1093 ‚2³3-

485 1115 575 1146 tente
600 1122 661 1155 pro
685 1113 848 1155 predictis
873 1114 905 1145 et
929 1112 1111 1146 occasione
1136 1112 1376 1154 predictorum,
1401 1113 1434 1144 et
1458 1112 1576 1144 contra
1600 1119 1668 1144 non
1684 1110 1810 1144 facient
1833 1119 1896 1144 nec
1921 1111 2058 1145 venient
2073 1120 2136 1154 per
2161 1111 2310 1155 aliquem

487 1175 625 1209 modum
650 1175 716 1209 sub
740 1184 828 1217 pena
853 1174 1076 1208 restitutionis
1099 1175 1250 1208 omnium
1275 1176 1308 1208 et
1332 1173 1544 1217 singulorum
1568 1173 1806 1216 dampnorum,
1833 1173 1998 1208 interesse
2022 1175 2056 1207 et
2079 1182 2310 1217 expensarum

486 1241 519 1273 et
543 1240 709 1272 bonorum
734 1247 872 1272 suorum
897 1238 1047 1271 omnium
1071 1237 1251 1280 ypotecha.
1277 1236 1318 1270 Et
1342 1245 1404 1279 pro
1428 1237 1492 1270 hac
1517 1236 1720 1270 vendicione
1744 1235 1880 1270 fuerunt
1903 1235 2054 1270 confessi
2082 1236 2165 1270 dicti
2189 1237 2311 1271 vendi·
2360 1235 2379 1275 ᾗ

486 1304 578 1335 tores
603 1310 724 1335 versus
748 1301 875 1334 dictum
899 1300 1035 1334 fratrem
1060 1298 1306 1340 Guarducium,
1329 1299 1466 1332 dantem
1491 1300 1524 1332 et
1540 1298 1730 1332 solventem
1747 1298 1790 1331 de
1806 1298 1947 1332 denario
1971 1298 2082 1341 ipsius
2105 1297 2309 1340 Ordinls,se
2360 1284 2383 1343 ij

486 1365 664 1407 accepisse
689 1366 721 1398 et
746 1364 908 1398 habuisse
932 1363 977 1396 ab
993 1372 1035 1396 eo
1059 1363 1210 1405 precium
1228 1362 1517 1405 suprascriptum,
1541 1361 1702 1395 videlicet
1725 1361 1838 1395 dictus
1862 1360 2030 1395 lohannes
2047 1361 2153 1396 libras
2174 1363 2311 1396 centum

487 1428 666 1470 sexaginta
701 1427 886 1469 papienses
922 1428 955 1459 et
989 1426 1102 1459 dictus
1141 1425 1328 1459 Fulclrinus
1363 1425 1468 1458 libras
1502 1424 1698 1467 octuaginta
1733 1424 1920 1466 papienses
1942 1425 1976 1457 et
1999 1424 2113 1458 dictus
2144 1423 2312 1460 Ricardum

488 1490 592 1524 libras
615 1490 810 1532 octuaginta
834 1489 1029 1531 papienses.
1066 1487 1311 1523 Renunciando
1346 1487 1541 1530 exceptioni
1579 1495 1647 1519 non
1683 1487 1902 1528 acceptorum
1926 1486 2141 1520 denariorum
2175 1489 2211 1521 et
2243 1495 2313 1523 noa

487 1554 658 1586 numerate
684 1552 838 1594 pecunie.
865 1551 904 1584 Et
929 1560 1016 1594 quas
1040 1551 1185 1593 pecunie
1210 1550 1417 1592 quantitates
1441 1549 1555 1583 dictus
1578 1548 1682 1582 frater
1705 1547 1927 1582 Guarducius
1950 1548 2046 1582 dedit
2065 1550 2100 1583 et
2123 1550 2313 1585 numeravit

488 1616 589 1649 dictis
613 1615 859 1654 venditoribus,
883 1614 1102 1657 presentibus
1119 1623 1172 1647 me
1196 1613 1337 1646 Notario
1361 1614 1394 1646 et
1417 1612 1564 1646 testibus
1588 1611 1823 1653 infrascriptis.
1841 1610 1883 1644 Et
1906 1611 2034 1646 ibidem
2051 1611 2165 1646 dictus
2180 1609 2312 1649 consuti
2344 1600 2378 1660 fs

487 1687 531 1711 ex
556 1679 650 1720 parte
675 1677 814 1719 publica
838 1677 883 1710 de
908 1677 1060 1719 parcium
1097 1676 1270 1709 voluntate
1307 1674 1593 1717 condempnando
1627 1682 1671 1707 ex
1707 1682 1798 1706 nunc
1833 1673 1946 1707 dictos
1969 1673 2166 1708 venditores
2189 1682 2313 1711 versus

488 1741 615 1774 dictum
641 1738 885 1779 Guarducium‚
911 1739 1129 1781 recipientem
1165 1740 1197 1771 et
1233 1737 1451 1780 stipulantem
1488 1736 1624 1770 nomine
1649 1735 1730 1769 dicti
1755 1733 1907 1775 Ordinis,
1931 1735 1975 1768 ad
2000 1736 2154 1778 predicta
2177 1736 2316 1773 vendita
2354 1746 2379 1785 3²

488 1805 521 1836 et
545 1811 645 1836 cessa
669 1801 895 1841 defendenda,
921 1803 953 1834 et
977 1801 1020 1834 ad
1046 1800 1292 1834 restituendum
1317 1800 1347 1833 ei
1373 1799 1465 1833 dicto
1489 1799 1625 1832 nomine
1649 1798 1801 1841 precium
1827 1797 2108 1841 suprascriptum,
2132 1801 2196 1833 etc.

579 1864 801 1898 lnterfuerunt
824 1863 974 1897 Zaninus
999 1864 1041 1897 de
1066 1862 1162 1897 Duce
1187 1863 1277 1896 tilius
1302 1862 1474 1904 quondam
1500 1860 1675 1904 Stephani,
1700 1859 1927 1894 Francisehus
1943 1854 2102 1895 Canister
2116 1863 2150 1895 et
2165 1861 2317 1898 Milanus
2354 1862 2383 1898 ³}

491 1928 669 1961 Marucius
694 1927 771 1959 inde
797 1928 913 1960 testes.
2362 1958 2369 1963 ‚-

581 1989 653 2032 Ego
677 1988 891 2031 Augustinus
915 1987 1113 2022 Panizarius
1138 1987 1315 2030 papiensis
1340 1986 1493 2020 notarius
1517 1986 1604 2019 hanc
1641 1987 1767 2019 cartam
1792 1984 1893 2018 michi
1918 1986 2069 2027 rogatam
2093 1985 2164 2019 fieri
2192 1985 2316 2020 tradidi
2351 1997 2375 2033 j.

492 2055 524 2086 et
549 2053 682 2094 scripsi.
2375 2039 2382 2043 ”

580 2114 652 2157 Ego
677 2113 874 2148 Guilermus
898 2114 941 2147 de
967 2113 1080 2148 Sacho
1105 2114 1257 2146 notarius
1282 2112 1459 2154 papiensis
1484 2112 1571 2144 hanc
1595 2113 1722 2144 cartam
1747 2110 1844 2143 iussu
1873 2110 2097 2153 suprascripti
2133 2110 2315 2155 Augustini

492 2163 657 2210 Panizarii
684 2164 802 2210 notarii
829 2177 964 2218 scripsi.
