2496 3600
1968 245 2033 278 207

217 368 275 400 aut
298 366 497 408 inquietare,
533 367 594 400 sed
630 367 758 401 dictum
794 370 948 403 sedimen
972 371 1137 404 dictarum
1178 373 1379 414 perticarum
1415 382 1478 406 sex
1503 376 1535 407 et
1566 374 1756 407 tabularum
1793 376 1919 416 decem,
1957 387 2032 410 cum

215 429 374 463 omnibus
399 429 472 463 suis
496 430 650 469 edificiis,
675 431 798 464 debeat
833 442 1004 466 remanere
1029 435 1170 476 pacifice
1195 437 1226 468 et
1250 436 1364 477 quiete
1388 436 1489 469 dictis
1515 436 1621 469 Priori
1647 439 1679 470 et
1704 437 1877 471 Fratribus
1894 442 1926 471 et
1943 438 2034 472 Con-

120 533 125 544 ν
158 488 162 491 ’
217 492 330 525 ventui
349 491 570 524 Eremitarum
595 491 628 525 S.
654 492 835 536 Augustini
861 497 893 527 et
917 504 1032 528 eorum
1058 498 1328 537 successoribus,
1358 500 1458 540 prout
1482 499 1515 531 in
1541 499 1763 532 instrumento
1799 502 2033 534 concessionis

123 547 136 585 J
158 588 163 593 ,
215 554 415 593 continetur,
439 554 485 587 ita
509 556 620 587 tamen
645 555 738 596 quod
763 556 842 589 dicti
875 556 980 597 Prior,
1006 558 1137 591 Fratres
1163 561 1195 592 et
1219 558 1419 593 Conventus
1455 562 1632 594 teneantur
1656 563 1688 594 et
1713 562 1859 594 debeant
1888 563 1964 595 hinc
1990 564 2032 595 ad

216 625 318 648 unum
343 625 468 649 annum
492 616 641 650 solvisse
658 617 808 650 debitum
826 628 989 652 canonem
1015 621 1162 661 preteriti
1187 623 1350 663 temporis
1375 632 1442 655 non
1467 623 1627 662 solutum,
1652 625 1684 656 et
1700 625 1877 656 teneantur
1902 625 2033 658 solvere

215 679 248 711 in
273 678 434 717 futurum,
459 680 559 720 prout
584 680 615 711 in
642 679 749 712 forma
774 681 984 714 instrumenti
1018 684 1251 716 concessionis
1275 684 1363 717 facte
1388 686 1588 718 continetur.

303 739 461 774 Ceterum
494 742 574 783 quia
606 742 740 782 domus,
765 752 831 784 que
863 744 1054 785 appellatur
1085 746 1203 779 schola
1235 747 1401 779 dictorum
1434 746 1571 787 Prioris,
1598 748 1735 781 fratrum
1769 751 1802 782 et
1831 747 2030 782 Conventus

140 836 148 845 ,
215 802 249 836 S.
275 802 456 845 Augustini
482 805 595 846 posita
620 805 652 836 in
678 805 815 838 civitate
839 805 945 848 Papie
970 808 1061 848 apud
1087 808 1211 840 dictam
1241 808 1440 848 Ecclesiam,
1466 811 1519 842 cui
1545 811 1681 843 coheret
1706 811 1750 843 ab
1775 820 1841 844 una
1866 814 1960 853 parte
1986 812 2033 844 ci-

215 866 391 905 miterium,
408 866 452 898 ab
477 866 543 899 alia
561 866 673 908 platea
698 868 898 907 eommunis,
915 869 959 900 ab
983 869 1048 901 alia
1073 870 1199 902 dictum
1225 872 1476 911 monasterium,
1495 881 1555 913 per
1575 874 1776 905 sententiam
1802 873 1880 906 dicti
1907 874 2033 906 subde-

215 928 315 971 legati
341 928 403 961 fuit
426 929 623 961 adiudicata
647 938 722 962 cum
747 931 907 963 omnibus
932 931 1086 971 edificiis,
1104 933 1234 966 iuribus
1259 935 1291 966 et
1316 935 1538 975 pertinentiis,
1556 935 1705 976 dictique
1731 934 1836 975 Prior,
1853 935 1973 968 fratres
1999 939 2031 969 et

215 989 414 1024 Conventus
451 991 670 1024 Eremitarum
707 992 842 1026 fuerunt
869 994 1084 1026 condemnati
1110 995 1152 1027 ad
1179 995 1398 1028 relaxandum
1424 999 1456 1029 et
1481 997 1584 1030 libere
1620 998 1854 1030 dimittendum
1880 1000 1911 1031 et
1937 1000 2034 1031 resti-

213 1054 376 1087 tuendum
408 1053 508 1087 dictis
540 1053 675 1093 Abbati,
701 1053 886 1088 Canonicis
911 1057 943 1088 et
968 1054 1160 1089 Conventui
1186 1056 1218 1090 S.
1245 1057 1344 1097 Petri,
1370 1067 1436 1100 que
1461 1059 1584 1092 domus
1609 1068 1669 1092 seu
1703 1060 1822 1093 schola
1846 1063 1897 1093 est
1923 1060 2028 1093 Priori

213 1118 246 1150 et
281 1115 454 1149 Fratribus
491 1117 590 1149 valde
627 1117 859 1157 accommoda,
887 1119 920 1150 et
945 1118 1085 1151 multum
1111 1120 1315 1159 necessaria,
1345 1130 1421 1153 cum
1447 1122 1490 1153 sit
1507 1131 1526 1154 a
1552 1122 1654 1154 latere
1680 1122 1899 1155 habitationis
1923 1123 2031 1156 dicto-

214 1188 287 1211 rum
312 1178 449 1218 Prioris,
475 1179 624 1212 Fratrum
651 1181 683 1212 et
707 1178 918 1220 Conventus,
943 1183 975 1213 et
999 1190 1065 1213 non
1092 1190 1110 1214 a
1136 1182 1238 1215 latere
1275 1183 1494 1216 habitationis
1529 1184 1693 1216 dictorum
1731 1184 1875 1217 Abbatis
1911 1187 1943 1217 et
1966 1184 2033 1218 Ca-

214 1241 430 1281 nonicorum‚
461 1243 716 1283 appareantque
753 1242 974 1275 instrumenta
1008 1244 1213 1276 venditionis
1238 1245 1390 1277 eiusdem
1416 1254 1482 1278 non
1508 1246 1635 1285 vitiata,
1652 1255 1718 1288 que
1743 1255 1793 1279 ie-
1817 1247 1945 1279 stitutio
1970 1256 2030 1280 seu

212 1304 388 1343 relaxatio,
413 1305 442 1336 si
467 1304 570 1343 fieret,
598 1305 733 1337 cederet
758 1305 790 1336 in
817 1314 974 1347 magnum
1011 1306 1234 1347 preiudicium
1271 1307 1436 1339 dictorum
1474 1307 1600 1340 Prioris
1625 1310 1657 1340 et
1682 1308 1831 1341 Fratrum
1857 1311 1889 1341 et
1914 1311 2032 1350 posset

212 1375 291 1399 esse
316 1375 420 1399 causa
445 1367 600 1408 perpetui
626 1366 778 1399 scandali
805 1368 890 1400 inter
928 1377 998 1407 eos,
1039 1377 1116 1400 cum
1141 1369 1241 1401 etiam
1267 1369 1346 1402 dicti
1373 1369 1491 1402 Abbas
1516 1372 1548 1402 et
1585 1368 1749 1403 Canonici
1787 1371 1902 1412 vigore
1929 1371 2033 1412 privi-

213 1429 291 1471 legii
317 1428 475 1462 Iohannis
507 1429 595 1462 XXll
628 1431 806 1462 teneantur
837 1431 964 1463 eisdem
991 1430 1097 1463 Priori
1123 1434 1155 1464 et
1180 1431 1352 1465 Fratribus
1385 1432 1530 1465 vendere
1556 1433 1631 1465 loca
1656 1442 1716 1474 pro
1749 1434 1932 1466 eorundem
1973 1434 2031 1466 ha-

213 1492 434 1525 bitationibus
469 1493 692 1525 accommoda
716 1496 748 1525 et
774 1494 976 1532 necessaria;
1013 1494 1090 1526 ideo
1115 1503 1175 1535 pro
1202 1495 1291 1526 bono
1316 1497 1348 1527 et
1372 1494 1553 1536 tranquillo
1590 1497 1678 1527 statu
1717 1496 1891 1537 utriusque
1926 1496 2032 1537 partis

212 1555 420 1595 ordinamus,
438 1554 628 1595 laudamus,
646 1555 832 1588 diffinimus
856 1557 958 1597 atque
984 1557 1201 1598 precipimus,
1219 1558 1311 1598 quod
1337 1557 1426 1590 dicta
1451 1557 1584 1596 domus,
1602 1567 1668 1599 que
1693 1557 1884 1599 appellatur
1901 1558 2030 1597 schola,

211 1626 289 1650 cum
314 1617 387 1650 suis
414 1617 569 1657 edificiis,
595 1618 726 1650 iuribus
751 1619 784 1650 et
808 1619 1032 1659 pertinentiis,
1058 1619 1102 1651 sit
1127 1621 1159 1651 et
1184 1627 1260 1651 esse
1286 1619 1409 1651 debeat
1442 1621 1616 1661 perpetuis
1649 1619 1860 1661 temporibus
1879 1628 1940 1660 pro
1965 1628 2028 1651 usu

211 1682 244 1712 et
268 1679 475 1712 habitatione
500 1688 541 1712 ac
565 1680 728 1712 exercitio
753 1680 946 1713 scholarum
971 1680 1138 1713 dictorum
1164 1680 1290 1713 Prioris
1315 1683 1347 1713 et
1372 1680 1522 1714 Fratrum
1548 1681 1780 1720 Eremitarum,
1806 1683 1839 1714 et
1863 1690 1966 1722 super
1990 1690 2029 1714 ea

211 1742 312 1775 dictis
336 1741 472 1782 Abbati,
497 1740 682 1775 Canonicis
707 1744 738 1775 et
763 1741 954 1775 Conventui
979 1745 1012 1775 et
1037 1752 1152 1776 eorum
1178 1743 1439 1776 successoribus
1465 1745 1664 1785 perpetuum
1690 1743 1859 1776 silentium
1886 1744 2030 1785 imponi-

210 1813 297 1845 mus,
323 1806 367 1838 ita
391 1805 484 1847 quod
509 1805 552 1837 de
577 1806 688 1838 cetero
713 1814 779 1837 non
805 1805 1025 1838 molestentur
1049 1814 1152 1847 super
1176 1815 1226 1838 ea.

298 1866 421 1907 Quoad
446 1868 536 1901 illam
562 1877 643 1900 vero
668 1869 796 1909 partem
822 1869 997 1908 sententie,
1016 1869 1047 1900 in
1073 1877 1140 1910 qua
1166 1870 1197 1901 et
1222 1877 1282 1910 per
1306 1877 1407 1910 quam
1432 1869 1510 1907 dicti
1537 1867 1631 1901 Prior
1655 1870 1687 1901 et
1713 1868 1843 1901 Fratres
1869 1868 2030 1900 Eremita—

210 1940 282 1963 rum
306 1930 442 1963 fuerunt
466 1931 681 1963 condemnati
707 1930 808 1963 dictis
826 1929 961 1970 Abbati,
979 1929 1163 1964 Canonicis
1188 1933 1220 1963 et
1237 1929 1428 1964 Conventui
1454 1929 1487 1963 S.
1506 1929 1594 1963 Petri
1620 1931 1662 1963 ad
1681 1930 1924 1963 restituendum
1943 1939 2027 1971 qua-

208 1995 285 2026 tuor
301 1992 436 2026 tabulas
461 1993 638 2026 sediminis
657 1993 758 2034 positi
777 1993 809 2025 in
826 1992 933 2034 Papia
951 1993 983 2024 in
1001 1994 1098 2034 porta
1123 1993 1302 2031 Laudensi,
1321 1993 1353 2024 in
1379 1993 1540 2034 parochia
1557 1991 1590 2025 S.
1610 1992 1685 2031 Viti,
1703 1992 1802 2024 simul
1821 2001 1858 2024 se
1874 1994 2028 2024 tenentes

209 2063 286 2088 cum
310 2055 401 2088 dicto
418 2056 623 2088 monasterio
648 2055 732 2087 intra
758 2055 910 2088 confines
934 2063 1017 2088 suos
1035 2055 1067 2087 in
1086 2055 1175 2088 dicta
1200 2055 1366 2088 sententia
1392 2055 1593 2096 descriptos,
1611 2055 1652 2087 de
1671 2064 1739 2096 quo
1761 2054 1862 2087 frater
1887 2054 2030 2087 loannes

207 2119 250 2151 de
275 2116 363 2151 Sena
387 2118 468 2151 dicti
494 2116 645 2156 Ordinis,
663 2119 742 2150 tunc
768 2118 933 2159 syndicus
958 2119 990 2150 et
1014 2119 1212 2159 procurator
1236 2118 1430 2159 syndicario
1447 2118 1479 2150 et
1505 2118 1736 2159 procuratorio
1761 2117 1895 2149 nomine
1921 2117 2029 2149 dicto-

208 2191 279 2214 rum
306 2180 432 2214 Prioris
457 2182 488 2214 et
512 2181 650 2213 fratrum
675 2183 707 2213 et
732 2179 931 2213 Conventus
950 2180 1180 2219 Eremitarum,
1206 2181 1313 2213 fuerat
1339 2181 1518 2212 investitus
1544 2189 1652 2221 usque
1676 2180 1718 2212 ad
1744 2180 1895 2221 quinque
1920 2189 2028 2212 annos

206 2245 286 2276 tunc
311 2243 465 2285 proxime
489 2245 676 2281 secuturos,
702 2252 763 2284 pro
787 2243 866 2275 ficto
891 2243 1103 2275 denariorum
1130 2245 1275 2283 quatuor
1298 2243 1481 2281 annuatim,
1499 2243 1640 2274 durante
1665 2242 1754 2274 dicta
1772 2241 1949 2280 locatione,
1975 2251 2029 2273 or-

205 2306 373 2345 dinamus,
399 2305 588 2344 laudamus,
613 2305 798 2338 diffinimus
830 2307 931 2346 atque
964 2306 1172 2346 precipimus
1204 2305 1331 2337 dictum
1349 2305 1501 2337 sedimen
1534 2306 1680 2346 quatuor
1704 2304 1892 2336 tabularum
1925 2304 2025 2336 dictis

206 2368 341 2407 Abbati,
359 2367 544 2402 Canonicis
570 2370 600 2400 et
618 2366 809 2400 Conventui
835 2368 905 2400 fore
931 2368 1174 2400 restituendum
1201 2370 1232 2399 et
1257 2367 1476 2400 relaxandum
1503 2376 1562 2409 per
1586 2367 1696 2399 dictos
1722 2366 1869 2398 Priorem
1891 2368 1923 2398 et
1949 2365 2027 2398 Fra-

205 2433 273 2464 tres
298 2431 527 2470 Eremitarum,
547 2431 608 2463 hac
633 2433 743 2463 tamen
769 2431 963 2463 conditione
981 2430 1122 2468 adiecta,
1140 2430 1232 2471 quod
1251 2430 1278 2462 si
1296 2430 1420 2461 dictum
1437 2430 1588 2462 sedimen
1607 2429 1796 2461 tabularum
1815 2430 1959 2469 quatuor
1975 2431 2026 2460 est

204 2494 247 2526 ad
273 2493 488 2526 commodum
514 2493 614 2525 dictis
639 2492 744 2525 Priori
770 2495 803 2525 et
828 2493 999 2525 Fratribus
1024 2494 1056 2524 et
1081 2501 1196 2524 eorum
1223 2492 1308 2531 loco,
1334 2494 1366 2524 et
1391 2501 1456 2524 non
1483 2492 1571 2524 cedit
1596 2491 1637 2523 ad
1664 2491 1913 2523 incommodum
1944 2491 2023 2523 dicti

205 2555 350 2588 Abbatis
375 2557 407 2588 et
432 2553 693 2594 Canonicorum,
711 2555 803 2596 quod
829 2555 908 2587 dicti
934 2554 1052 2587 Abbas
1077 2556 1110 2587 et
1133 2552 1296 2587 Canonici
1323 2555 1499 2586 teneantur
1524 2553 1604 2586 illud
1631 2553 1777 2585 vendere
1802 2553 1891 2585 iusto
1917 2553 2024 2594 pretio

204 2620 304 2660 prout
327 2627 369 2650 ex
395 2618 502 2650 torma
535 2618 702 2660 privilegii
728 2617 885 2650 lohannis
910 2617 998 2649 XXll
1024 2619 1187 2656 tenentur,
1212 2618 1269 2649 aut
1294 2625 1368 2648 cum
1394 2616 1459 2648 alia
1485 2625 1518 2648 re
1543 2618 1741 2657 permutare.

293 2680 327 2713 ln
355 2681 495 2722 reliquis
520 2690 600 2713 vero
626 2681 779 2722 partibus
804 2680 927 2712 dictam
954 2680 1153 2712 sententiam
1179 2679 1259 2711 dicti
1286 2678 1510 2720 subdelegati‚
1529 2678 1641 2719 quoad
1668 2686 1786 2710 omnes
1811 2679 1843 2710 et
1868 2677 2022 2719 singulas

205 2743 258 2776 sui
286 2745 399 2785 partes
423 2743 652 2776 absolutorias
677 2745 708 2775 et
733 2743 1040 2782 condemnatorias,
1066 2744 1236 2783 tamquam
1263 2742 1350 2773 iuste
1375 2743 1406 2773 et
1431 2739 1573 2782 provide
1600 2740 1699 2773 latam
1725 2740 1933 2778 ordinamus,
1951 2739 2023 2772 lau·

202 2806 337 2845 damus,
362 2805 558 2845 diffinimus,
576 2807 677 2846 atque
702 2815 761 2847 per
786 2807 961 2846 utramque
987 2806 1114 2846 partem
1140 2804 1348 2846 precipimus
1373 2803 1558 2842 observari;
1584 2805 1615 2835 et
1637 2803 1697 2835 hec
1715 2803 1828 2835 omnia
1843 2802 2022 2835 laudamus

202 2868 412 2907 arbitramur,
438 2868 635 2907 diffinimus,
660 2870 761 2909 atque
794 2876 853 2909 per
878 2869 1052 2908 utramque
1085 2868 1212 2908 partem
1246 2865 1484 2898 inviolabiliter
1517 2865 1724 2906 precipimus
1742 2864 1928 2903 observari,
1955 2864 2019 2896 sub

202 2939 290 2972 pena
315 2932 347 2963 in
379 2931 629 2973 compromisso
661 2931 830 2972 apposita,
856 2930 887 2962 in
914 2929 1057 2971 singulis
1083 2929 1239 2970 capitulis
1273 2929 1362 2961 laudi
1389 2930 1421 2960 et
1446 2928 1693 2969 compromissi,
1719 2927 1747 2960 si
1773 2928 1888 2959 contra
1921 2926 2020 2959 fuerit

200 2992 337 3033 factum,
362 2993 613 3032 committenda,
639 2993 736 3026 salvo
761 2995 792 3025 et
818 2993 990 3025 reservato
1015 2992 1115 3024 nobis
1140 2991 1277 3024 arbitrio
1302 2993 1333 3023 et
1358 2992 1526 3032 potestate
1551 2990 1758 3029 declarandi,
1777 2990 2017 3031 interpretandi

200 3057 232 3088 et
256 3056 446 3098 corrigendi
480 3065 584 3097 super
616 3055 777 3097 predictis
810 3055 1014 3096 ubicumque
1039 3056 1071 3086 et
1096 3054 1381 3095 quandocumque
1407 3053 1518 3085 visum
1543 3052 1641 3086 fuerit
1658 3052 1832 3094 expedire,
1857 3054 1889 3084 et
1915 3060 2018 3092 super

201 3117 362 3158 predictis
387 3119 419 3151 et
444 3118 596 3159 quolibet
628 3118 854 3159 predictorum
880 3119 912 3149 et
937 3117 1066 3154 iterum,
1091 3115 1194 3148 semel
1220 3117 1252 3148 et
1276 3115 1404 3157 pluries
1437 3114 1687 3156 pronuntiandi,
1713 3115 1801 3147 sicut
1831 3123 1891 3155 pro
1926 3114 2016 3145 bono
