2496 3600
448 218 515 253 224

445 362 484 386 ac
511 352 672 386 nonnulla
696 353 762 386 alia
787 353 872 385 inter
896 354 1010 394 partes
1027 352 1198 394 predictas
1223 350 1380 383 diffinivit
1405 351 1437 383 et
1461 349 1632 382 ordinavit
1656 351 1756 391 prout
1774 349 1835 382 hec
1852 349 1967 383 omnia
1982 352 2015 383 et
2031 349 2167 394 singula
2189 359 2269 394 pre-

445 416 549 448 missa
575 415 606 447 in
632 415 839 457 quibusdam
877 415 1108 448 instrumentis
1145 412 1317 455 pubblicis
1343 412 1421 445 inde
1445 410 1613 444 confectis
1637 408 1791 445 Cosmati
1821 405 2021 446 cardinalis
2037 414 2071 446 et
2094 410 2268 447 Guillelmi
2322 407 2323 410 ¹
2362 401 2372 412 ³

444 477 605 520 Episcopi
642 477 869 519 predictorum
903 476 1025 519 sigillis
1051 476 1199 515 munitis,
1224 483 1367 516 quorum
1397 475 1534 507 tenores
1558 482 1691 506 necnon
1723 474 1873 507 omnium
1898 475 1932 508 et
1954 473 2166 518 singulorum
2190 470 2296 519 pre-¹

445 540 624 572 missorum
662 541 785 572 statum
822 544 852 571 el
891 538 1031 571 formam
1069 537 1287 579 presentibus
1324 536 1440 569 haberi
1478 535 1636 568 volumus
1665 544 1727 578 pro
1751 536 1939 578 expressis,
1973 536 2099 571 dicitur
2131 537 2269 580 plenius
2327 583 2363 598 x

443 602 618 635 contineri:
659 600 745 635 Cum
781 604 892 634 autem
919 601 1007 633 sicut
1031 600 1203 642 fidedigna
1229 599 1397 632 relacione
1430 598 1615 632 didicimus
1638 597 1851 640 temporibus
1875 599 2051 633 retroactis
2075 599 2162 633 inter
2185 608 2264 643 par-

442 666 493 696 tes
518 664 688 705 predictas
724 671 976 704 nonnumquam
1001 659 1110 703 (lites)
1135 662 1300 694 hactenus
1336 660 1458 694 tuerint
1482 662 1600 694 exorte
1625 662 1657 694 et
1682 661 1714 693 in
1740 659 1889 694 futurum
1918 661 2097 704 potissime
2125 664 2266 706 propter

442 734 581 759 censum
599 726 672 758 sive
690 734 854 758 canonem
880 724 1071 757 huiusmodi
1097 724 1220 756 exoriri
1247 731 1351 765 posse
1377 723 1604 756 verisimiliter
1620 722 1843 757 formidentur
1855 725 1888 757 et
1901 725 2081 767 propterea
2105 733 2183 758 cum
2201 733 2264 768 pro

444 788 636 821 huiusmodi
662 788 848 820 occaxione
872 787 1020 820 tollenda
1045 796 1084 820 ac
1109 786 1206 828 pacis
1231 788 1263 819 et
1287 785 1468 819 concordie
1505 794 1567 819 nec
1604 794 1671 818 non
1708 788 1823 820 mutue
1857 786 2008 820 caritatis
2045 787 2130 820 inter
2153 788 2269 830 partes

444 851 538 892 ipsas
575 851 762 892 integritate
798 849 978 883 solidanda
1015 849 1154 882 multum
1191 849 1381 890 expediens
1418 847 1573 881 videatur
1609 849 1644 881 ut
1680 848 1745 890 ipsi
1782 846 1878 882 Prior
1913 850 1947 882 et
1974 847 2108 883 Fratres
2131 857 2152 883 a
2175 849 2269 884 solu·

445 913 535 945 tione
561 913 634 944 sive
658 912 773 945 debito
798 912 939 954 predicti
977 919 1102 944 census
1127 920 1187 944 seu
1213 911 1355 944 canonis
1381 911 1517 952 penitus
1542 910 1725 944 liberentur
1752 912 1785 944 et
1815 910 2060 945 absolvantur:
2099 911 2263 955 quodque

445 975 520 1008 loco
557 983 681 1008 census
717 983 778 1007 seu
811 973 964 1007 Canonis
999 974 1164 1013 eiusdem,
1201 973 1267 1006 alia
1291 973 1471 1015 possessio
1505 975 1563 1006 aut
1598 973 1790 1015 proprietas
1826 973 1964 1007 maioris
1999 974 2103 1007 annui
2138 982 2267 1008 census

445 1046 503 1070 seu
541 1038 682 1070 canonis
707 1046 767 1078 per
802 1037 913 1069 dictos
949 1035 1098 1069 Priorem
1123 1038 1156 1068 et
1181 1035 1314 1068 Fratres
1349 1035 1512 1077 predictis
1548 1034 1684 1075 Abbati,
1720 1033 1906 1070 Canonicis
1941 1037 1974 1070 et
2009 1034 2202 1070 Conventui
2225 1044 2267 1071 ac

444 1100 648 1132 monasterio
674 1101 705 1132 in
732 1107 987 1140 recompensam
1012 1100 1220 1140 assignetur:
1245 1098 1318 1131 Nos
1344 1098 1472 1137 litibus,
1508 1098 1753 1131 controversiis
1777 1100 1810 1132 et
1833 1098 2112 1132 dissensionibus
2147 1099 2267 1133 huius-

442 1163 530 1194 modi
556 1162 655 1195 tinem
681 1163 852 1203 imponere
878 1171 917 1194 ae
944 1163 1031 1194 viam
1058 1162 1255 1203 precludere
1280 1161 1394 1203 quoad
1419 1161 1609 1202 predictum
1634 1169 1774 1194 censum
1793 1161 1982 1203 cupientes,
2000 1163 2092 1194 motu
2117 1162 2267 1206 proprio,
2319 1179 2375 1203 ;,

442 1233 508 1256 non
545 1225 586 1257 ad
623 1224 768 1257 alicuius
805 1225 905 1257 nobis
940 1233 1044 1266 super
1068 1225 1131 1257 hoc
1157 1224 1270 1257 oblate
1295 1223 1475 1265 peticionis
1515 1223 1727 1263 instanciam,
1752 1223 1814 1257 sed
1838 1223 1882 1257 de
1905 1225 2022 1258 nostra
2057 1232 2149 1258 mera
2183 1223 2270 1259 libe-

441 1286 580 1325 ralitate,
606 1287 800 1320 discretioni
826 1289 881 1319 tue
907 1295 967 1328 per
1002 1287 1192 1328 apostolica
1229 1287 1355 1328 scripta
1391 1286 1584 1319 comitimus
1615 1287 1648 1319 et
1676 1285 1878 1319 mandamus
1902 1288 2072 1328 quatenus
2095 1278 2268 1329 predictos

441 1347 601 1388 Priorem,
617 1348 748 1382 Fratres
774 1351 805 1382 et
830 1347 1057 1388 Conventum,
1083 1351 1265 1391 postquam
1291 1349 1421 1382 eisdem
1447 1348 1584 1388 Abbati,
1609 1346 1796 1382 Canonicis
1819 1350 1853 1382 et
1876 1346 2070 1382 Conventui
2089 1349 2122 1382 in
2138 1356 2269 1396 recma·-

441 1419 582 1452 pensam
608 1411 687 1443 dicti
713 1420 839 1444 census
864 1420 925 1444 seu
951 1412 1093 1444 canonis
1107 1411 1255 1453 aliquam
1270 1411 1529 1453 possessionem
1542 1419 1585 1444 ex
1599 1420 1668 1453 qua
1681 1410 1854 1444 annuatim
1868 1411 1998 1453 percipi
2014 1411 2125 1454 possit
2136 1400 2267 1465 tantum
2316 1449 2318 1451 ,

441 1473 533 1514 quod
559 1474 722 1506 ascendat
746 1474 788 1506 ad
815 1474 949 1515 triplum
975 1474 1054 1506 dicti
1080 1475 1182 1506 annui
1209 1483 1345 1512 census,
1371 1474 1423 1506 vel
1450 1474 1560 1515 ipsam
1585 1482 1751 1506 sommam
1791 1473 1946 1513 excedat,
1982 1482 2096 1507 coram
2120 1474 2154 1507 te
2175 1473 2265 1507 assi-

442 1536 619 1576 gnaverint
644 1545 703 1577 per
727 1538 758 1568 te
784 1536 982 1569 tradendam
1008 1538 1040 1569 et
1064 1536 1308 1578 assignandam
1333 1536 1434 1569 dictis
1459 1535 1596 1576 Abbati,
1621 1534 1807 1570 Canonicis
1831 1537 1864 1570 et
1887 1534 2080 1570 Conventui
2099 1544 2143 1569 ex
2160 1542 2267 1571 causa
2303 1537 2306 1540 ’
2342 1536 2366 1560 <⁴³

448 1599 724 1638 permutacionis,
750 1601 784 1631 tu
803 1599 942 1631 eosdem
958 1598 1119 1639 Priorem,
1138 1598 1271 1632 Fratres
1284 1601 1316 1631 et
1329 1597 1557 1638 Conventum,
1571 1599 1671 1631 etiam
1685 1599 1800 1632 invitis
1813 1600 1846 1631 et
1859 1598 2070 1632 solucionem
2085 1597 2271 1632 reclaman-

443 1660 533 1692 tibus
559 1660 658 1693 dictis
684 1660 826 1700 Abbate,
852 1659 1037 1694 Canonicis
1063 1664 1095 1694 et
1119 1659 1312 1701 Conventu,
1330 1661 1494 1694 absolvas
1519 1663 1554 1694 et'
1575 1661 1700 1694 liberes
1717 1670 1736 1694 a
1754 1661 1968 1704 prestacione
1994 1662 2028 1694 et
2050 1661 2268 1704 obligacione

438 1722 518 1755 dicti
543 1724 645 1755 annui
670 1732 806 1763 census,
832 1733 936 1766 super
960 1733 1002 1756 eo
1026 1724 1127 1757 dictis
1152 1723 1289 1763 Abbati,
1304 1722 1492 1757 Canonicis
1516 1726 1548 1757 et
1573 1722 1767 1758 Conventui
1782 1725 1983 1766 perpetuum
2008 1723 2179 1757 silentium
2203 1718 2277 1758 in'-

439 1786 608 1826 ponendo,
641 1795 772 1819 necnon
798 1786 923 1819 dictam
950 1787 1208 1828 possessionem
1234 1787 1314 1820 dicti
1339 1787 1442 1820 annui
1469 1787 1623 1820 redditus
1637 1787 1669 1819 in
1683 1786 1764 1820 dicti
1779 1795 1903 1820 census
1917 1795 2173 1828 recompensam
2197 1775 2267 1821 eis-⁴
2314 1812 2316 1814 v

443 1848 519 1880 dem
545 1847 680 1888 Abbati,
717 1847 900 1882 Canonicis
926 1852 957 1882 et
982 1848 1174 1883 Conventui
1211 1850 1370 1892 assignes
1395 1850 1428 1882 in
1453 1850 1579 1883 dictam
1615 1858 1885 1892 recompensam,
1910 1850 1943 1882 in
1969 1851 2169 1892 perpetuum
2204 1857 2267 1883 no-

444 1911 531 1943 mine
556 1911 636 1943 dicti
663 1913 857 1945 monasterii
884 1913 1062 1945 tenendam
1089 1915 1120 1945 et
1145 1913 1401 1954 possidendam,
1427 1921 1466 1945 ac
1491 1913 1731 1945 nichilominus
1756 1913 1784 1945 si
1809 1921 1871 1955 per
1909 1912 2126 1945 summai-iam
2162 1910 2268 1945 infor-
2310 1915 2314 1918 ”

444 1974 631 2006 macionem
657 1984 717 2016 per
734 1977 765 2007 te
783 1984 887 2016 super
912 1976 975 2008 hoc
994 1976 1228 2017 reperiendam
1254 1976 1444 2017 predictum
1469 1976 1623 2008 sedimen
1648 1975 1840 2009 tabularum
1865 1977 2012 2017 quatuor
2031 1975 2133 2008 dictis
2157 1973 2264 2008 Priori

441 2038 472 2068 et
498 2035 670 2069 Fratribus
695 2037 736 2069 ad
763 2038 945 2070 comodum
971 2047 1032 2070 seu
1058 2038 1288 2071 necessarium
1314 2038 1396 2077 fore,
1425 2038 1588 2080 quodque
1613 2047 1679 2071 non
1705 2039 1772 2071 tarn
1797 2038 1840 2071 ad
1866 2037 2084 2071 incomodum
2109 2036 2266 2078 Alabana,

442 2096 691 2131 Canonicorum
718 2101 748 2134 et
774 2098 974 2133 Conventus
1000 2101 1238 2142 predictorum,
1274 2109 1376 2142 quam
1401 2101 1444 2134 ad
1481 2098 1613 2133 illorum
1651 2100 1832 2133 comodum
1858 2100 2048 2134 redondare
2083 2100 2266 2147 inveneris,

441 2161 579 2193 eosdem
606 2160 783 2201 Abbatem,
802 2160 998 2195 Canonicos
1022 2166 1055 2196 et
1072 2161 1286 2196 Conventum
1313 2164 1355 2196 ad
1382 2163 1598 2197 vendendum
1624 2164 1737 2196 iddem
1762 2163 1914 2196 sedimen
1954 2154 2145 2196 tabularum
2181 2168 2268 2204 qua-

442 2225 517 2254 tuor
542 2223 627 2264 ipsis
653 2223 758 2256 Priori
785 2226 817 2256 et
842 2224 1015 2257 Fratribus
1041 2234 1101 2266 pro
1127 2226 1216 2258 iusto
1242 2226 1355 2267 precio
1381 2235 1440 2267 per
1464 2227 1496 2258 te
1520 2226 1686 2258 tassando
1709 2226 1910 2258 auctoritate
1934 2227 2049 2258 nostra
2066 2223 2265 2266 compellas,

442 2285 708 2318 contradictores
734 2295 792 2327 per
818 2295 997 2319 censuram
1024 2288 1302 2327 ecclesiasticam,
1328 2288 1557 2329 appellatione
1582 2289 1786 2330 postposita,
1811 2287 2074 2330 compescendo.
2100 2285 2268 2320 Volumus

441 2348 540 2380 etiam
566 2350 597 2380 et
621 2349 811 2390 apostolica
836 2351 1035 2382 auctoritate
1061 2351 1252 2390 statuimus,
1285 2351 1378 2392 quod
1404 2360 1519 2383 eorum
1556 2360 1623 2392 que
1659 2351 1771 2393 egeris
1807 2350 1839 2382 in
1876 2350 2055 2392 premissis
2090 2358 2130 2382 ac
2165 2349 2267 2383 etiam

441 2419 543 2451 super
568 2411 792 2452 infrascriptis
819 2412 1053 2445 irrevocabilis
1079 2415 1309 2452 conservator,
1335 2422 1374 2446 ac
1400 2414 1500 2446 etiam
1526 2422 1642 2446 eorum
1667 2422 1735 2455 que
1759 2413 1869 2446 forent
1894 2413 1927 2445 in
1945 2412 2188 2454 premissorum
2205 2411 2269 2445 ob-

442 2473 633 2505 servatione
660 2474 805 2506 rebelles
831 2476 1015 2516 perpetuus
1041 2476 1237 2516 compulsor
1261 2476 1403 2514 existas,
1429 2476 1520 2508 omni
1545 2476 1775 2518 appellatione
1811 2477 1978 2508 cessante.
2004 2473 2160 2508 Ceterum
2185 2474 2267 2516 quia
2312 2473 2315 2477 ’

443 2535 530 2567 sicut
555 2536 751 2577 accepimus
777 2536 872 2569 Prior
896 2539 927 2569 et
953 2537 1085 2570 Fratres
1111 2538 1251 2579 predicti
1277 2539 1423 2579 quedam
1450 2539 1521 2571 iura
1539 2540 1571 2571 et
1588 2539 1764 2580 presertim
1790 2538 1846 2570 illa
1871 2547 1930 2580 per
1947 2547 2013 2579 que
2038 2537 2135 2579 ipsis,
2152 2535 2267 2578 quoad

444 2597 613 2637 quendam
641 2598 751 2630 locum
777 2601 853 2631 ante
879 2599 999 2631 faciem
1026 2600 1136 2641 ipsius
1162 2601 1305 2633 ecclesie
1331 2601 1445 2640 situm,
1470 2601 1591 2633 atrium
1626 2602 1869 2642 nuncupatum,
1896 2609 1957 2632 nec
1983 2609 2050 2632 non
2087 2599 2130 2632 ad
2167 2607 2266 2632 usum

445 2659 590 2691 clavium
616 2661 758 2693 ecclesie
784 2662 944 2702 predicte,
971 2663 1023 2695 ius
1049 2663 1264 2704 competebat
1289 2665 1321 2695 et
1347 2664 1378 2695 in
1405 2673 1548 2705 quorum
1581 2664 1805 2706 possessione
1841 2663 1927 2696 alias
1962 2662 2106 2701 fuerant,
2130 2671 2197 2694 non
2222 2670 2266 2694 ex

445 2722 651 2763 precogitata
676 2723 801 2755 malitia
826 2724 886 2756 sed
913 2733 955 2756 ex
982 2725 1189 2766 negligentia
1214 2734 1327 2758 coram
1353 2726 1507 2767 predicto
1532 2724 1716 2759 Guillelmo
1740 2725 1916 2767 Episcopo
1940 2727 1972 2757 et
1997 2722 2160 2758 Cosmato
2185 2721 2269 2757 Car—

447 2783 549 2815 dinali
575 2785 736 2818 exhibere
762 2794 822 2818 seu
849 2787 1036 2827 producere
1061 2787 1301 2827 obmisserunt‚
1327 2797 1388 2821 nec
1414 2788 1480 2821 illis
1506 2789 1538 2820 in
1564 2797 1668 2822 causa
1693 2788 1846 2830 predicta
1871 2788 1923 2821 usi
1949 2787 2083 2826 fuerint,
2109 2786 2268 2819 volumus

448 2848 478 2876 et
504 2846 620 2877 eadem
645 2847 843 2880 auctoritate
867 2848 1081 2882 decernimus
1106 2850 1199 2890 quod
1225 2850 1290 2891 ipsi
1317 2849 1413 2882 Prior
1437 2852 1469 2883 et
1494 2850 1628 2884 Fratres
1653 2850 1847 2883 huiusmodi
1873 2850 2004 2882 iuribus
2029 2851 2062 2882 et
2079 2848 2268 2891 privilegiis

447 2907 560 2947 quoad
586 2909 705 2940 atrium
731 2912 762 2941 et
788 2918 887 2942 usum
913 2910 1059 2943 clavium
1094 2912 1289 2944 huiusmodi
1315 2913 1357 2945 de
1382 2915 1495 2945 cetero
1521 2913 1567 2945 uti
1594 2913 1740 2951 valeant,
1766 2912 1891 2954 illaque
1915 2912 1948 2944 in
1977 2912 2030 2944 sui
2057 2911 2189 2943 roboris
2213 2910 2268 2942 iir-

451 2969 563 3001 mitate
590 2974 794 3010 remaneant,
835 2973 999 3014 ipsosque
1023 2974 1066 3006 ad
1092 2983 1130 3006 ea
1157 2975 1365 3008 restituimus
1391 2978 1423 3008 et
1448 2975 1588 3016 perinde
1613 2975 1728 3007 haberi
1766 2974 1925 3007 volumus
1949 2983 1989 3007 ac
2013 2974 2041 3006 si
2068 2973 2159 3006 nulla
2184 2974 2269 3005 inter

451 3034 564 3072 partes
590 3032 760 3072 predictas
785 3035 919 3074 questio
945 3037 1016 3068 orta
1041 3036 1163 3069 fuisset
1188 3045 1248 3069 seu
1275 3038 1442 3070 sententia
1468 3037 1694 3079 promulgata:
1720 3039 1752 3070 et
1776 3037 2016 3069 nichilominus
2052 3036 2212 3068 volumus
2235 3037 2269 3068 et

449 3093 647 3126 ordinamus
672 3095 762 3135 quod
790 3097 845 3127 ubi
871 3097 912 3128 de
939 3098 1024 3138 ipsis
1050 3099 1180 3131 iuribus
1205 3099 1319 3140 quoad
1345 3100 1464 3131 atrium
1490 3102 1521 3133 et
1547 3108 1645 3132 usum
1682 3099 1828 3132 clavium
1857 3098 2008 3140 predicta
2044 3098 2159 3140 aliqua
2183 3097 2269 3130 foret
