2496 3600
474 229 519 264 ⁷4

1244 465 1497 508 xxxnl.

565 576 594 605 Il
619 575 783 614 Capitolo
808 575 982 606 Gener-ale
1006 574 1043 605 di
1068 574 1175 605 Siena
1199 582 1357 614 appr-ova
1380 574 1415 606 le
1438 574 1672 606 conventioni
1706 573 1766 613 gia
1793 574 1955 606 stabilite
1988 574 2075 607 dau·
2089 574 2223 608 ordine
2245 572 2307 612 eol*

476 628 647 659 canonici
670 628 882 659 Later-anesi
906 627 943 658 di
967 628 1005 659 S.
1030 627 1072 659 Ρ.
1098 627 1136 658 in
1159 627 1236 658 eiel
1259 627 1294 658 d'
1313 635 1378 659 oro
1393 624 1456 670 (1).
2300 626 2306 633 “

1134 749 1292 784 1338,
1319 750 1559 785 oelussnos
1585 749 1642 778 8·

954 838 1056 865 (Archlv.
1071 838 1096 861 dl
1109 837 1187 866 State,
1202 838 1292 862 milano
1306 849 1334 855 —-
1347 838 1454 867 Peto-m.
1469 838 1493 862 di
1507 838 1532 862 S.
1547 838 1628 863 Pleno
1640 839 1665 862 ln
1678 838 1729 863 ciel
1742 839 1828 867 d’om).

494 1063 496 1079 ,
585 1024 633 1141 I
723 1043 748 1070 Ν
773 1039 907 1072 nomine
940 1038 1077 1072 Domini
1102 1038 1221 1073 Amen.
1246 1038 1346 1073 Anno
1370 1039 1508 1074 Domini
1525 1039 1712 1074 Millesimo
1727 1041 1967 1075 trecentesimo
1983 1041 2158 1084 trigesimo
2189 1054 2196 1069 ·
2246 1056 2249 1058 ·

746 1101 930 1135 indictione
956 1104 1066 1142 sexta,
1090 1102 1146 1136 die
1170 1104 1295 1136 octavo
1330 1103 1459 1136 mensis
1495 1102 1590 1136 Iunii.
1614 1101 1734 1137 Pateat
1761 1103 1922 1138 omnibus
1945 1103 2011 1139 hoc
2035 1103 2175 1147 publico

495 1182 542 1200 i*
747 1166 860 1197 mento
884 1165 976 1206 quod
1003 1165 1036 1198 in
1060 1165 1232 1207 presentia
1256 1166 1321 1199 mei
1346 1166 1467 1199 notarri
1491 1167 1525 1199 et
1547 1166 1684 1200 testium
1709 1165 2011 1209 infrascriptorum,
2034 1165 2204 1200 Venerabi

480 1222 618 1258 Christo
646 1227 742 1267 pater
765 1226 925 1260 dominus
949 1227 1050 1261 frater
1067 1226 1271 1262 Guillelmus
1285 1227 1382 1261 Prior
1397 1227 1577 1262 Generalis
1593 1228 1704 1262 tocius
1721 1227 1862 1263 Ordinis
1878 1228 2030 1263 Fratrum
2062 1228 2198 1263 Heremi

480 1284 595 1319 Sancti
620 1286 813 1330 Augustini,
839 1299 906 1323 una
930 1299 1006 1323 cum
1031 1290 1287 1324 venerabilibus
1311 1291 1394 1324 viris
1410 1290 1572 1324 fratribus
1585 1291 1756 1334 magistris
1779 1299 1877 1325 sacre
1901 1291 2026 1334 pagine
2042 1291 2201 1334 professo

480 1349 640 1383 videlicet
665 1352 827 1394 magistro
852 1352 999 1386 Iohanne
1025 1353 1067 1386 de
1093 1352 1210 1393 Roma,
1234 1353 1396 1396 magistro
1421 1352 1562 1396 Pagano
1586 1353 1629 1386 de
1653 1353 1808 1394 Mantua,
1833 1354 1996 1397 magistro
2019 1352 2154 1387 Thoma
2176 1353 2220 1389 de
2254 1371 2256 1374 <

482 1411 611 1452 brian0,
637 1414 798 1456 magistro
823 1414 1029 1448 Alafrancho
1054 1415 1096 1448 de
1122 1415 1332 1455 Mediolano,
1368 1415 1531 1458 magistro
1567 1413 1714 1449 Girardo
1737 1416 1781 1449 de
1813 1414 1992 1459 Pergamo,
2016 1405 2180 1460 magistro

481 1473 577 1507 fredo
602 1475 644 1508 de
669 1474 791 1518 Anglia
816 1476 998 1510 diffinitore
1023 1478 1191 1519 provintie
1216 1477 1349 1520 Anglie,
1374 1478 1536 1520 magistro
1553 1478 1721 1511 Nicholao
1745 1478 1788 1511 de
1812 1477 2032 1518 Alexandria,
2048 1477 2213 1522 magistro

482 1537 570 1569 nisio
595 1538 637 1570 de
662 1537 871 1572 Alexandria
895 1549 934 1574 ac
959 1541 1059 1573 etiam
1085 1540 1266 1574 diffinitore
1291 1539 1468 1583 provincie
1492 1539 1672 1574 Generalis
1696 1538 1846 1583 Capituli
1863 1539 2004 1575 Ordinis
2020 1540 2193 1582 antedicti,

482 1599 632 1633 Leonino
658 1601 699 1633 de
725 1601 844 1635 Padua
869 1611 964 1636 sacre
990 1603 1114 1645 pagine
1139 1603 1323 1636 bacellario
1347 1603 1530 1637 diffinitore
1555 1603 1731 1646 provincie
1756 1601 1910 1637 Marchie
1934 1603 2100 1644 trivisine,
2133 1603 2165 1637 fr

481 1671 580 1695 como
605 1663 647 1695 de
673 1662 772 1697 Senis
797 1665 979 1698 diffinitore
1004 1666 1180 1707 provincie
1206 1666 1440 1706 bononiensis,
1465 1666 1565 1699 fratre
1590 1665 1725 1699 Iacomo
1742 1666 1785 1699 de
1802 1665 1910 1700 Roma
1926 1665 2108 1700 diffinitore
2139 1674 2203 1708 pro
2222 1677 2240 1695 *a

482 1733 630 1764 romane,
654 1725 755 1759 fratre
780 1726 912 1769 Angelo
937 1728 979 1760 de
1005 1726 1157 1761 Castello
1181 1728 1364 1761 diffinitore
1388 1728 1565 1770 provincie
1590 1728 1780 1770 spoletane,
1803 1727 1905 1761 fratre
1933 1726 2097 1773 Guidone
2116 1727 2160 1762 de
2176 1726 2223 1770 U
2246 1727 2248 1729 ’

482 1786 663 1820 diffinitore
688 1789 864 1830 provincie
889 1789 1043 1822 Marchie
1080 1789 1327 1830 Anchonitane‚
1351 1790 1452 1823 fratre
1488 1790 1636 1823 Iohanne
1661 1790 1704 1823 de
1729 1789 1939 1824 Alexandria
1953 1786 2007 1832 (2)
2030 1782 2254 1835 diffinitores,

482 1849 593 1882 vincie
619 1849 722 1883 Terre
748 1850 901 1891 Laboris,
926 1852 1026 1885 fratre
1051 1852 1187 1885 Andrea
1212 1853 1254 1885 de
1272 1851 1366 1886 Atria
1383 1852 1564 1886 diffinitore
1582 1853 1758 1894 provincie
1775 1851 1894 1895 Regni,
1909 1852 2010 1886 fratre
2028 1851 2142 1886 Lucha
2157 1851 2232 1886 de«

482 1920 565 1944 sana
582 1909 633 1953 (3)
658 1913 838 1947 diffinitore
863 1915 1039 1956 provincie
1064 1914 1202 1955 Sicillie,
1226 1915 1327 1948 fratre
1352 1915 1476 1949 Iacobo
1501 1916 1543 1949 de
1569 1915 1738 1949 Florentia
1762 1915 1943 1949 diffinitore
1966 1915 2144 1958 provincie
2160 1914 2196 1958 pi

482 1974 582 2007 fratre
607 1974 775 2018 Gregorio
800 1977 842 2009 de
868 1976 1020 2010 Arimino
1045 1977 1226 2011 diffinitore
1252 1978 1428 2020 provincie
1453 1977 1687 2018 Romandiole‚
1710 1978 1812 2012 fratre
1829 1977 2070 2012 Bettholomeo
2085 1977 2129 2011 de
2145 1976 2195 2012 Pe

483 2036 665 2070 diffinitore
690 2039 866 2079 provincie
892 2039 1106 2080 Lombardie,
1131 2040 1231 2073 fratre
1257 2039 1406 2073 Antonio
1423 2040 1466 2074 de
1480 2038 1650 2074 Cremona
1667 2039 1850 2074 diffinitore
1866 2040 2043 2082 provincie
2060 2039 2165 2073 Terre
2188 2053 2194 2068 ·-

482 2098 582 2132 fratre
608 2099 732 2133 Iacobo
757 2101 799 2134 de
825 2101 930 2134 Metis
955 2102 1136 2135 diffinitore
1162 2103 1338 2144 provincie
1364 2102 1516 2143 Francie‚
1540 2102 1641 2136 fratre
1667 2102 1815 2136 Iohanne
1831 2102 1874 2136 de
1891 2100 2005 2136 Crisio
2029 2101 2211 2136 diffinItore
2251 2143 2253 2145 ¹

484 2162 594 2194 vincie
621 2162 780 2205 Ungarie,
805 2163 905 2197 fratre
930 2163 1124 2207 Augustino
1149 2165 1191 2198 de
1217 2163 1376 2198 Carentia
1400 2165 1582 2198 diffinitore
1606 2165 1776 2207 provintie
1801 2163 1957 2204 Bavarie,
1981 2164 2082 2198 fratre
2099 2163 2221 2199 lordan

484 2220 697 2258 Madaborch
715 2223 767 2267 (4)
792 2226 972 2259 diffinitore
997 2227 1173 2269 provincie
1199 2227 1361 2270 TurIngie
1387 2229 1419 2261 et
1443 2226 1604 2267 Saxonie,
1628 2227 1729 2261 fratre
1765 2226 1906 2260 Alberto
1929 2227 1972 2260 de
1997 2225 2105 2261 Calve
2132 2224 2196 2260 di

484 2287 659 2327 provincie
685 2286 768 2321 Reni
794 2289 826 2320 et
851 2287 987 2328 Suevie‚
1012 2289 1113 2322 fratre
1139 2288 1324 2323 Guillelmo
1349 2290 1391 2323 de
1417 2289 1526 2332 Aquis
1551 2289 1733 2322 diffinitore
1757 2289 1934 2331 provincie
1959 2287 2114 2329 Colonie,
2137 2287 2189 2322 fra

486 2350 596 2382 hanne
622 2350 663 2382 de
689 2349 829 2384 Biterris
865 2351 1047 2384 diffinitore
1072 2353 1248 2394 provincie
1286 2353 1523 2392 narbonensis,
1547 2352 1648 2385 fratre
1673 2351 1775 2385 Petro
1799 2352 1842 2385 de
1866 2351 2005 2385 Linioso
2029 2350 2248 2390 diffinitore,

543 2507 549 2531 ί
554 2506 573 2532 1)
588 2506 670 2529 L'atto
685 2507 698 2529 e
712 2507 735 2529 in
749 2508 818 2535 copia
833 2510 939 2531 cartacea
955 2515 967 2531 e
982 2509 1001 2531 si
1017 2509 1120 2532 riierisce
1127 2509 1148 2530 ai
1158 2509 1210 2531 doc.
1226 2510 1275 2538 XX,
1290 2510 1370 2538 XXIV,
1426 2509 1618 2538 Canonizatione,
1633 2510 1655 2533 la
1670 2510 1741 2538 quale
1760 2511 1869 2537 appunto
1889 2509 1915 2532 fu
1935 2509 1996 2532 satta
2016 2509 2054 2532 nel
2074 2509 2149 2532 eruto

488 2550 587 2572 XXVIII.
604 2551 627 2572 In
643 2553 728 2578 questo
744 2552 852 2579 Capitolo
861 2553 876 2575 il
884 2555 966 2576 nostro
980 2554 1040 2576 frate
1055 2555 1186 2582 Guglielmo
1201 2555 1231 2577 da
1246 2555 1369 2583 Cremona,
1425 2557 1518 2584 Giugno
1532 2563 1552 2578 ³.
1568 2556 1686 2584 ΤοκΕιΙ-Ι,
1701 2555 1747 2578 vol.
1762 2556 1791 2583 V,
1806 2560 1860 2582 pag.
1875 2555 1923 2578 510.
1938 2554 1965 2577 ei
1980 2553 2085 2581 displace
2099 2554 2142 2576 che
2155 2553 2178 2576 le
2198 2566 2200 2570 ›

489 2595 591 2616 sebbene
612 2596 740 2622 riluttante,
765 2597 790 2619 tu
814 2598 907 2621 rieletto
931 2605 973 2626 per
988 2605 1018 2621 un
1033 2600 1116 2627 quinto
1140 2601 1239 2623 triennio
1255 2601 1368 2624 Generale
1423 2602 1506 2624 cerche
1519 2607 1566 2624 non
1580 2601 1682 2624 abbiano
1695 2601 1769 2623 avuto
1782 2600 1806 2622 la
1819 2599 1914 2622 tortum
1928 2598 1951 2621 di
1965 2599 2114 2621 nnn-accrate
2129 2598 2215 2625 que-to

489 2638 642 2661 dell'Ordine.
659 2641 841 2664 Notevolissima
855 2643 877 2664 la
892 2643 1052 2670 disposizione
1073 2650 1143 2671 presa
1158 2646 1180 2667 in
1196 2647 1282 2673 questo
1304 2646 1372 2674 Capi·
1426 2647 1537 2674 speciale,
1551 2647 1594 2668 che
1609 2646 1650 2673 qui
1664 2646 1732 2668 tanto
1745 2645 1868 2668 volentieri
1882 2649 2003 2666 avremmo
2016 2643 2078 2665 fatto
2091 2643 2157 2665 uoto.

490 2683 539 2704 tolo
555 2691 565 2701 «
581 2684 623 2706 che
644 2685 698 2712 ogni
718 2691 780 2708 anno
801 2687 838 2709 ne'
860 2689 932 2715 tempi
947 2690 1041 2712 avenire
1062 2690 1081 2712 si
1103 2690 1204 2713 dovesse
1219 2692 1317 2714 recitare
1331 2693 1369 2714 alli
1478 2691 1509 2718 (2)
1523 2691 1592 2714 Frate
1606 2690 1720 2714 movanni
1734 2688 1911 2712 &Alexandria
1924 2687 1961 2710 nel
1977 2687 2030 2710 131³
2043 2687 2056 2709 ὲ
2070 2686 2190 2709 neor-dato
2211 2685 2252 2709 fl

489 2728 503 2749 5
517 2728 539 2748 di
555 2728 646 2755 Giugno
661 2730 760 2752 l'oiiicio
775 2731 835 2754 della
851 2732 969 2756 Reunione
991 2734 1138 2758 dell'Ordine
1162 2738 1243 2759 nostro
1258 2737 1280 2759 al
1295 2743 1373 2760 sacro—
1427 2738 1476 2759 relli
1491 2742 1558 2759 come
1573 2735 1720 2759 Provinciale
1731 2734 1754 2757 di
1769 2734 1842 2757 Terra
1863 2733 1886 2755 di
1902 2733 2002 2760 Lavoro,
2016 2737 2030 2754 e
2043 2731 2176 2758 fundatore,
2194 2735 2246 2754 eon-

490 2773 559 2793 santo
575 2778 586 2794 e
601 2775 734 2796 venerando
756 2775 834 2802 Corpo
849 2777 886 2799 del
908 2779 990 2800 nostro
1011 2779 1115 2806 glorioso
1139 2780 1258 2803 Patriarca
1273 2781 1296 2804 S⁴
1312 2782 1373 2810 Ago·
1428 2782 1520 2809 Dionigi
1535 2782 1566 2804 da
1581 2781 1659 2808 Bongo
1679 2779 1704 2802 S.
1718 2779 1840 2807 sepulcro,
1862 2777 1900 2800 del
1920 2777 2059 2800 Manastero
2073 2776 2096 2798 di
2111 2775 2136 2798 S;
2150 2772 2268 2798 OEovaffl

490 2816 561 2842 stino,
577 2822 589 2838 e
604 2819 705 2840 tuttocio
720 2821 804 2846 perche
819 2821 842 2843 in
856 2822 923 2845 detto
937 2824 1020 2850 giorno
1034 2825 1154 2848 nell'anno
1171 2827 1219 2849 1331
1235 2826 1260 2849 fu
1276 2827 1332 2850 dato
1342 2828 1374 2850 al·
1429 2827 1563 2850 Carbonara
1584 2831 1598 2848 a
1621 2824 1706 2852 Napoli
1726 2824 1854 2851 (Tomu,
1874 2822 1921 2845 vol.
1943 2821 1972 2849 V,
1993 2827 2048 2848 pag·
2062 2820 2120 2847 5¹⁸)-
2141 2819 2184 2842 ⁸⁶¹
2204 2818 2258 2843 ¹3⁶

491 2859 599 2882 l'Ordine
620 2863 702 2884 nostro
717 2863 731 2884 il
746 2869 860 2890 possesso
882 2866 942 2889 d'un
958 2869 1004 2891 sito
1018 2874 1134 2896 appresso
1151 2870 1173 2892 la
1188 2870 1273 2894 chiesa
1287 2871 1310 2894 di
1324 2871 1372 2894 San
1426 2872 1486 2894 irate
1501 2871 1614 2894 Giovanni
1635 2870 1661 2892 tu
1682 2869 1720 2892 dal
1741 2867 1851 2896 capitolo
1871 2867 1933 2890 della
1951 2865 2086 2889 cattedrale
2101 2864 2124 2886 di
2137 2863 2223 2886 Acerra
2244 2875 2251 2880 ..

492 2903 570 2926 Pietro
585 2906 607 2926 in
622 2905 671 2928 Ciel
685 2907 757 2930 d'oro
772 2909 795 2931 di
810 2909 889 2938 Pavia,
911 2912 972 2934 nella
993 2914 1063 2940 quale
1086 2915 1166 2942 riposa
1181 2916 1196 2937 il
1211 2916 1278 2938 detto
1292 2916 1372 2944 Cor-po
1426 2917 1534 2940 Vescovo
1549 2916 1572 2938 di
1587 2915 1665 2943 quella
1679 2913 1752 2941 cium
1766 2913 1871 2936 eletione
1885 2911 2006 2940 peralbo.
2016 2910 2068 2937 che,
2078 2914 2120 2936 pet
2129 2907 2218 2936 nullm!

492 2953 533 2974 per
547 2949 652 2972 fondarvi
674 2957 687 2973 e
708 2951 847 2976 {abbricarvi
869 2956 884 2977 il
906 2957 1052 2980 nobilissimo
1070 2959 1237 2983 munimem...
1253 2961 1272 2983 E
1286 2963 1372 2989 questo
1427 2967 1474 2984 non
1488 2961 1548 2983 ebbe
1562 2960 1584 2982 la
1598 2959 1717 2982 conferma
1731 2958 1754 2981 di
1768 2957 1888 2981 clemente
1901 2956 1932 2980 V!
1941 2954 1972 2982 (Τ
1972 2958 2069 2982 oum-u,
2078 2954 2126 2976 vol.
2136 2953 2176 2976 dt.
2187 2956 2242 2980 m·

491 2992 569 3015 officio
584 3000 596 3015 e
611 2994 672 3017 festa
686 2996 746 3018 della
762 2997 880 3022 Reuni0ne
894 3001 998 3029 sudetta,
1021 3003 1080 3025 duro
1104 3004 1151 3027 tino
1165 3005 1188 3027 al
1203 3006 1284 3033 tempo
1298 3007 1321 3028 in
1335 3007 1372 3029 cui
1481 3006 1512 3033 (3)
1526 3005 1617 3032 01188ῒο
1631 3004 1691 3027 frate
1706 3005 1769 3026 ¹⁴¹¹oe
1782 3002 1813 3025 ὼ
1826 3001 1933 3025 mm
1953 2999 2014 3023 ebbe
2033 2999 2104 3026 Μ’
2118 3003 2186 3021 ‘³⁰⁸¹‘

490 3036 515 3058 fu
531 3039 683 3062 canonizzato
698 3041 714 3062 il
729 3042 832 3068 glorioso
847 3044 873 3066 P.
889 3044 912 3067 S.
928 3045 1009 3069 Nicola
1023 3047 1053 3070 da
1067 3048 1200 3078 Tolentino,
1215 3051 1266 3073 cioe
1281 3051 1328 3074 fluo
1342 3052 1375 3074 al-
1428 3052 1546 3078 TORELLI,
1560 3051 1607 3073 vol.
1622 3050 1651 3078 V,
1666 3055 1720 3077 pag.
1734 3048 1783 3076 535,
1798 3048 1821 3070 di
1835 3047 1928 3070 valente
1941 3045 2077 3069 scolastico.

491 3081 573 3103 l'anno
590 3085 648 3113 1446,
664 3088 700 3109 nel
716 3088 770 3115 qual
785 3090 865 3116 tempo
879 3090 904 3112 tu
919 3092 1048 3115 tramutata
1063 3093 1086 3115 1η
1101 3095 1179 3121 quello
1202 3096 1264 3118 della
1277 3096 1374 3120 sudetta
1481 3097 1512 3124 (4)
1522 3091 1541 3119 Ε
1555 3097 1570 3119 11
1585 3096 1611 3119 Β.
1621 3092 1957 3120 ῦίοῐᾱωιοάιευωαίι,οὴε
1966 3090 2007 3119 qul
2017 3090 2105 3112 ederto
2114 3089 2144 3111 de
2153 3085 2316 3113 andabata*
2327 3084 2333 3090 '¹
