2496 3600
1945 265 2000 296 151

1009 546 1194 588 XCIV.

142 683 167 701 4*
283 656 336 686 La
359 654 548 685 comunita
573 655 609 684 di
634 655 670 685 S.
697 641 874 692 Agostino
898 655 1108 685 costituisce
1132 656 1355 693 procuratori
1378 664 1441 693 per
1465 655 1645 694 appellare
1681 656 1727 685 da
1751 665 1818 686 una
1844 660 2013 686 sentenza

196 709 368 741 arbitrale
393 705 455 750 (1).

806 832 967 865 1390,
1004 832 1268 866 magalo,
1306 833 1397 858 29.

753 921 832 946 (Aren.
848 920 871 942 dl
886 920 963 947 Stato,
978 921 1068 943 Milano
1083 932 1108 936 —
1123 920 1229 948 Pergam.
1246 920 1268 942 di
1283 921 1306 943 S.
1323 921 1454 948 Agostino).

292 1105 343 1226 I
434 1056 467 1161 ιρι
490 1102 637 1152 claustro
661 1119 950 1160 infrascriptorum
975 1119 1126 1152 Fratrum
1151 1119 1387 1152 heremitarum
1412 1120 1519 1152 sancti
1538 1119 1733 1162 Augustini:
1761 1118 1970 1162 Congregato
1995 1120 2020 1153 il

468 1181 621 1225 Capitolo
644 1181 699 1214 nel
721 1180 820 1223 quale
846 1189 946 1214 erano
970 1181 995 1214 il
1013 1182 1122 1223 priore
1156 1181 1257 1214 trater
1292 1181 1488 1214 Ludovicus
1523 1182 1566 1214 de
1602 1181 1774 1221 Beccaria,
1811 1182 2018 1215 reverendus

179 1290 192 1295 ..
469 1245 564 1287 pater
586 1244 746 1277 dominus
771 1242 969 1276 Bonifacius
993 1243 1035 1276 de
1061 1242 1240 1285 Butigellis
1265 1253 1360 1277 sacre
1384 1244 1530 1286 teologie
1559 1244 1744 1286 professor,
1772 1245 1874 1277 trater
1897 1244 2019 1278 Petrus

139 1302 243 1347 ij'sde
277 1307 499 1343 Rustionibus
535 1307 705 1349 subprior,
741 1305 841 1339 frater
876 1305 1090 1348 Augustinus
1122 1306 1164 1339 de
1190 1304 1308 1340 Cumis
1337 1304 1388 1347 (2)
1417 1307 1618 1346 bacalarius,
1642 1306 1743 1340 frater
1778 1307 1940 1340 Nicolaus
1976 1307 2018 1340 de

198 1370 320 1406 Parma
344 1370 458 1410 lector,
482 1369 584 1402 trater
609 1368 776 1402 lohannes
799 1368 842 1401 de
866 1368 1026 1408 Novaria,
1052 1368 1154 1401 frater
1178 1367 1360 1402 Conradus
1384 1369 1426 1401 de
1452 1368 1639 1408 Alamania‚
1675 1369 1778 1402 frater
1802 1369 2015 1411 Augustinus

198 1434 242 1468 de
266 1432 436 1473 Terdona,
461 1432 564 1465 frater
587 1431 796 1465 Benedictus
830 1431 873 1464 de
910 1430 1134 1471 Taliabobus‚
1171 1431 1273 1464 frater
1297 1431 1465 1464 Antonius
1490 1432 1532 1464 de
1557 1430 1741 1471 Placentia,
1767 1432 1867 1464 frater
1891 1430 2018 1474 Symon

130 1485 169 1519 33
200 1496 244 1531 de
266 1494 504 1535 Trovamallis,
529 1494 631 1527 frater
654 1492 824 1526 Antonius
847 1493 891 1526 de
915 1493 1076 1533 Novaria,
1093 1493 1195 1526 trater
1211 1493 1424 1536 Augustinus
1442 1494 1485 1528 de
1501 1492 1667 1533 Canibus,
1683 1494 1784 1527 frater
1800 1492 2017 1527 Conradinus

199 1559 244 1593 de
267 1557 454 1597 Alamania‚
478 1557 580 1590 irater
603 1556 786 1590 Lazarinus
810 1556 853 1589 de
878 1555 1010 1596 Parma,
1035 1556 1136 1589 frater
1152 1555 1365 1599 Augustinus
1390 1557 1432 1589 de
1458 1555 1660 1598 Campariis,
1685 1556 1787 1589 frater
1811 1556 1965 1591 Andreas
1979 1556 2021 1589 de

200 1620 398 1660 Zavatariis,
421 1619 524 1653 frater
547 1619 675 1652 Tomas
699 1619 741 1652 de
766 1618 920 1658 Varasio,
944 1618 1045 1652 frater
1070 1618 1216 1652 Facinus
1240 1619 1282 1652 de
1308 1618 1501 1661 Fortunago
1525 1621 1558 1652 et
1581 1619 1682 1652 frater
1706 1618 1833 1661 Symon
1858 1619 1900 1652 de
1918 1618 2024 1652 Oual-

130 1670 161 1686 ”
197 1684 315 1724 fredis,
339 1684 430 1726 qui...
455 1684 689 1725 representant
713 1682 896 1724 plusquam
921 1681 1008 1714 duas
1025 1683 1140 1723 partes
1157 1682 1307 1724 capituli,
1325 1682 1559 1715 costituiScorzo
1577 1682 1645 1715 loro
1658 1683 1864 1724 procuratori
1887 1682 2022 1714 fratrem

132 1736 161 1782 ἕξ,
201 1745 384 1780 Antonium
408 1746 451 1779 de
475 1744 660 1779 Ottonibus
685 1745 718 1778 et
740 1744 875 1777 fratrem
901 1742 1080 1778 Cominum
1098 1744 1140 1777 de
1165 1743 1359 1777 Passarotis
1384 1745 1426 1777 de
1451 1742 1630 1784 Cremona,
1647 1744 1767 1777 fratres
1785 1744 1864 1777 dicti
1883 1743 2022 1777 Ordinis

136 1807 164 1834 Γ
198 1809 247 1843 ibi
271 1810 482 1851 presentes...
507 1806 740 1850 specialmente
764 1807 807 1840 ad
832 1807 1016 1848 petendum
1041 1807 1244 1840 beneficium
1262 1807 1491 1840 restitucionis
1509 1807 1760 1849 inintegrum...
1779 1809 1926 1839 contra...
1946 1815 2023 1839 sen-

201 1871 372 1906 tentiam...
396 1870 497 1904 latam
515 1871 600 1903 inter
615 1871 648 1903 et
665 1878 724 1912 per
739 1869 874 1902 fratrem
899 1868 1063 1902 Zaninum
1088 1869 1131 1902 de
1157 1868 1395 1911 Formagiariis
1411 1869 1546 1906 tratrem
1571 1869 1651 1902 dicti
1677 1868 1827 1908 Ordinis,
1853 1869 2021 1902 sindicum

200 1931 413 1972 Conventus,
437 1934 470 1966 et
494 1931 722 1972 Antonellum‚
758 1931 1057 1971 Francischellum‚
1094 1931 1288 1974 lacopinum
1314 1933 1347 1964 et
1371 1933 1481 1964 certos
1513 1931 1599 1964 alios
1624 1932 1666 1964 de
1691 1931 1940 1974 Formagiariis‚
1965 1941 2026 1973 per

130 1995 171 2035 ἶ
201 1995 376 2039 egregium
411 1994 621 2028 decretorum
657 1994 831 2027 doctorem
863 1992 904 2026 D.
923 1992 1105 2028 Robertum
1142 1993 1185 2026 de
1223 1993 1409 2033 Fronzolla,
1442 2002 1534 2027 come
1558 1993 1602 2026 da
1626 1995 1803 2026 strumento
1827 1995 1944 2034 rogato
1965 2002 2028 2035 per

123 2045 167 2094 ²1³
188 2056 338 2092 ‘Petrum
362 2053 558 2091 Valenciam
583 2057 749 2090 notarium
787 2056 880 2099 publ.
907 2057 949 2089 de
974 2054 1132 2090 Casellis.

126 2158 146 2163 Μ
296 2119 408 2154 Testi:
431 2118 585 2152 Domino
610 2119 735 2152 Facino
759 2119 802 2152 de
827 2117 1001 2152 Guaschis
1013 2118 1059 2160 fq.
1075 2118 1232 2151 lobannis
1245 2120 1277 2151 et
1291 2118 1515 2151 Latranchino
1540 2118 1582 2151 de
1607 2117 1761 2150 Barzono
1786 2118 1832 2159 tq.
1859 2116 2023 2150 Peracini.

202 2182 351 2217 Notaio:
375 2180 542 2216 Giaeomo
566 2182 608 2215 de
634 2180 787 2215 Canibus
812 2181 972 2224 publicus
998 2181 1174 2223 papiensis
1199 2182 1262 2214 etc.

131 2336 150 2374 ³3
260 2341 293 2368 (n
305 2340 396 2368 Questo
410 2341 559 2367 documento,
575 2339 614 2367 pin
629 2340 671 2362 che
686 2345 728 2367 per
741 2339 763 2362 la
784 2340 904 2365 sostanza,
919 2339 932 2360 e
946 2338 1088 2365 importante
1143 2343 1196 2365 pag.
1211 2338 1259 2360 817.
1275 2338 1306 2360 La
1321 2338 1376 2360 data
1391 2338 1452 2360 della
1466 2343 1509 2360 sua
1524 2339 1607 2364 morte,
1629 2338 1754 2364 assegnata
1769 2337 1807 2359 dal
1823 2338 1914 2359 Lanteri
1929 2338 1950 2359 al
1963 2338 2022 2364 1451,

122 2376 140 2420 ³·
151 2375 162 2394 s
209 2386 293 2414 perche
306 2386 327 2409 ei
341 2391 455 2408 conserva
468 2386 475 2407 i
490 2386 552 2408 nomi
567 2385 590 2407 di
605 2384 739 2412 quasnam
754 2385 760 2406 i
775 2383 896 2406 sacerdon
906 2383 1055 2410 componenti
1071 2383 1085 2404 il
1140 2382 1153 2404 ὲ
1167 2382 1206 2404 dal
1220 2382 1306 2404 ‘l'orelli
1321 2383 1391 2409 posta
1405 2382 1428 2404 in
1443 2382 1539 2404 dubblo.
1561 2382 1595 2404 Ed
1610 2387 1623 2404 a
1639 2382 1741 2409 ragione,
1764 2382 1846 2409 poiche
1857 2382 1871 2403 11
1886 2384 1967 2404 nostro
1982 2382 2023 2403 do-

152 2458 153 2462 *
209 2430 317 2458 capitolo
332 2430 393 2453 della
407 2429 531 2453 Comunlti
545 2429 568 2452 di
583 2429 607 2452 S.
622 2429 745 2457 Agostlno.
1142 2428 1251 2449 eumenio
1267 2426 1424 2453 presentando
1445 2426 1504 2449 irate
1526 2426 1640 2454 Agostlno
1661 2426 1698 2454 gia
1715 2426 1855 2448 Baccelliere
1874 2427 1910 2448 nel
1926 2426 1985 2453 1390,
2001 2427 2034 2450 ci.

261 2474 293 2502 (2)
306 2469 325 2498 Ε
338 2475 482 2498 certamente
495 2474 555 2497 irate
569 2474 683 2501 Agosuno
697 2473 727 2496 da
741 2473 824 2500 Come,
844 2460 941 2500 insigne
951 2472 1062 2494 letterato
1076 2477 1090 2494 e
1144 2471 1174 2493 da
1189 2471 1277 2493 motivo
1292 2471 1314 2493 dl
1330 2477 1445 2498 supporre
1460 2471 1502 2493 che
1516 2471 1601 2493 l'nnno
1623 2471 1683 2492 della
1698 2476 1741 2492 sua
1763 2472 1837 2493 morte
1852 2471 1928 2493 debba
1943 2476 2021 2493 essere

130 2510 135 2512 “
162 2521 165 2522 ’
207 2519 310 2547 teolozo,
324 2518 348 2542 dl
361 2519 399 2542 cul
409 2518 462 2541 vedl
473 2519 590 2545 ιΑΝτΕκι,
604 2518 650 2541 vol.
662 2518 679 2545 1,
690 2523 743 2545 pag.
758 2518 810 2544 251;
825 2523 838 2540 e
853 2517 969 2544 Τοπειιι,
980 2516 1026 2538 vol.
1044 2516 1082 2543 Vl,
1137 2516 1250 2543 alquanto
1265 2516 1381 2538 anteriore
1395 2515 1416 2538 nl
1434 2516 1492 2538 1451.
