2496 3600
1375 521 1466 563 111.

600 642 759 672 Maestro
784 641 919 679 Ospino
955 640 1180 670 arcidiacono
1205 649 1224 670 e
1248 639 1384 670 vicario
1419 639 1477 670 del
1512 640 1679 671 Vescovo
1703 640 1739 671 di
1763 641 1876 671 Pavia
1911 640 2027 671 Guido
2061 641 2123 678 111,
2160 641 2217 672 col
2251 649 2335 672 con-

512 703 619 725 senso
644 695 701 725 del
726 694 888 732 capitolo
913 693 1007 723 della
1043 693 1258 729 Cattedrale‚
1297 693 1389 723 dona
1413 693 1449 723 la
1473 692 1604 724 chiesa
1628 693 1664 724 di
1689 693 1726 724 S.
1751 693 1923 724 Mostiola
1946 702 1968 724 a
1991 694 2082 725 frate
2118 694 2253 725 uberto
2287 694 2334 726 dn

513 749 658 778 Novata
682 748 806 778 Priore
830 747 924 785 degli
949 746 1145 777 Eremitani
1169 746 1205 776 di
1230 746 1343 776 Pavia
1368 743 1430 788 (1)

1197 887 1354 920 12⁷7,
1373 887 1575 920 apri-le,
1594 888 1647 913 2.

1061 983 1141 1010 (Arch.
1154 984 1177 1006 di
1192 983 1269 1012 stato.
1285 984 1374 1007 milano
1387 995 1414 1000 --
1429 984 1571 1012 Pergamene
1586 984 1609 1006 dl
1624 983 1649 1008 S.
1663 984 1794 1012 Mostiola).

755 1188 834 1216 ΝΝΟ
859 1183 1044 1216 nativitatis
1068 1182 1203 1215 Domini
1230 1183 1408 1216 millesimo
1433 1183 1667 1216 ducentesimo
1683 1182 1938 1226 septuagesimo
1965 1183 2127 1225 septimo,
2149 1183 2332 1218 indictione

581 1172 696 1287 ,ΛΑ
750 1239 751 1279 ᾧ
778 1246 909 1287 quinta,
935 1245 989 1278 die
1015 1245 1150 1278 veneris
1174 1245 1327 1278 secundo
1351 1245 1479 1278 mensis
1503 1245 1640 1288 Aprilis,
1665 1246 1698 1278 in
1730 1244 1847 1287 Papia.
1873 1244 2040 1279 Dominus
2072 1246 2233 1289 magister
2266 1244 2336 1280 Ho-

750 1285 899 1350 ispinus
935 1307 1205 1341 Archidiaconus
1245 1307 1350 1350 Papie
1387 1311 1419 1341 et
1455 1308 1610 1341 Vicarius
1645 1307 1686 1340 D.
1723 1306 1892 1341 Guidonis
1928 1306 1990 1341 Dei
2030 1308 2137 1351 gratia
2172 1307 2335 1352 Episcopi

512 1371 687 1412 papiensis
723 1368 774 1411 (2)
811 1371 940 1403 habens
980 1370 1118 1402 liberam
1154 1372 1186 1402 et
1230 1370 1420 1412 generalem
1456 1370 1780 1403 administrationem
1819 1372 1852 1403 et
1888 1370 2158 1412 procurationem
2194 1369 2337 1413 Episco-

512 1435 612 1474 patus
637 1433 689 1465 sui
715 1434 747 1465 et
772 1442 880 1465 rerum
906 1433 948 1465 ad
975 1432 1219 1474 Episcopatum
1245 1432 1492 1474 pertinentium,
1517 1434 1549 1465 et
1573 1432 1627 1465 cui
1653 1432 1764 1465 dictus
1800 1433 1959 1465 dominus
1983 1430 2098 1466 Guido
2122 1431 2184 1466 Dei
2221 1433 2336 1476 gracia

514 1494 708 1535 Episcopus
733 1494 838 1536 Papie
863 1495 1008 1527 totaliter
1032 1496 1063 1527 et
1089 1494 1293 1536 integraliter
1317 1494 1470 1527 comissit
1499 1494 1593 1527 vices
1618 1503 1700 1527 suas
1725 1495 1757 1526 in
1782 1494 2001 1527 translatione
2037 1503 2098 1528 seu
2134 1495 2234 1528 etiam
2257 1502 2336 1537 per-

514 1557 696 1589 mutatione
721 1556 876 1589 facienda
901 1557 942 1589 de
975 1556 1120 1589 ecclesia
1156 1554 1189 1589 S.
1227 1556 1388 1589 Mustiole
1425 1555 1546 1598 Papie,
1583 1558 1618 1589 ut
1653 1556 1839 1598 apparebat
1876 1553 1993 1589 litteris
2033 1555 2336 1600 sigillatis-sigillo

511 1618 590 1650 dicti
617 1619 742 1650 domini
770 1618 942 1660 Episcopi,
970 1628 1111 1660 quarum
1138 1618 1319 1651 litterarum
1344 1620 1440 1651 tenor
1465 1619 1518 1651 hic
1543 1620 1605 1651 est:

603 1680 716 1713 Frater
740 1679 854 1713 Guido
879 1681 1093 1714 miseratione
1119 1679 1243 1713 Divina
1268 1680 1462 1722 Episcopus
1487 1679 1592 1722 Papie
1619 1681 1691 1713 viro
1727 1680 1912 1713 venerabili
1937 1683 1970 1713 et
1994 1681 2143 1714 discreto
2174 1680 2336 1724 magistro

515 1741 669 1783 Hospino
705 1742 954 1775 Archidiacono
979 1745 1011 1775 et
1035 1742 1169 1776 Vicario
1201 1751 1264 1775 suo
1290 1743 1322 1774 in
1354 1742 1486 1776 sincera
1522 1742 1702 1775 dilectione
1739 1742 1892 1775 salutem.
1929 1742 1964 1775 ln
1999 1742 2239 1776 translactione
2273 1750 2336 1777 seu

514 1805 758 1845 permutatione
794 1804 948 1838 facienda
984 1805 1026 1838 de
1051 1804 1197 1837 ecclesia
1233 1803 1266 1837 S.
1303 1804 1464 1837 Mustiole
1501 1803 1607 1846 Papie
1644 1805 1744 1838 vobis
1780 1804 1926 1837 totaliter
1949 1806 1982 1838 et
2006 1804 2212 1847 integraliter
2244 1813 2364 1848 com-j

514 1866 675 1898 mittimus
700 1867 794 1899 vices
819 1869 961 1900 nostras.
989 1867 1022 1899 ln
1047 1867 1145 1900 cuius
1170 1867 1215 1899 rei
1252 1867 1480 1899 testimonium
1517 1869 1694 1908 presentes
1726 1867 1853 1900 litteras
1888 1867 1992 1900 nostri
2029 1866 2130 1910 sigilli
2155 1864 2339 1901 munimine

514 1928 656 1961 fecimus
682 1929 841 1962 roborari.
867 1929 989 1962 Datum
1015 1928 1150 1963 Cezime
1175 1927 1227 1970 (3)
1252 1931 1351 1962 sexto
1376 1930 1504 1962 mensis
1529 1929 1712 1962 Februarii.

604 1990 644 2023 Et
668 1991 826 2024 dominus
870 1991 984 2025 Guido
1021 1991 1220 2033 Prepositus
1252 1992 1341 2024 dicte
1374 1991 1518 2025 ecclesie
1552 1990 1585 2025 S.
1615 1991 1793 2031 Mustiole,
1818 1994 1850 2024 et
1874 1989 2068 2033 Capitulum
2108 1990 2250 2026 Maioris
2274 1990 2340 2025 Ec—

515 2053 617 2086 clesie
643 2052 747 2095 Papie
774 2054 907 2087 insimul
934 2057 1174 2097 congregatum
1198 2054 1241 2087 ad
1266 2054 1476 2087 tractandum
1502 2054 1544 2087 de
1569 2056 1657 2087 statu
1683 2054 1827 2087 ecclesie
1852 2054 2047 2096 supradicte
2071 2056 2105 2088 et
2124 2053 2340 2096 providendo

515 2117 624 2150 eidem
649 2126 752 2158 super
777 2117 1042 2156 reformactione,
1069 2119 1102 2149 ut
1129 2116 1376 2151 Reformatores
1405 2117 1515 2158 ipsius
1540 2117 1572 2149 in
1597 2116 1843 2158 spiritualibus,
1867 2116 1910 2149 ad
1936 2117 2000 2149 hoc
2026 2118 2062 2149 ut
2085 2115 2233 2150 Domino
2256 2124 2338 2159 pos·

517 2180 559 2212 sit
584 2179 704 2212 melius
729 2179 761 2211 in
787 2179 877 2211 dicta
902 2179 1047 2212 ecclesia
1073 2180 1104 2211 in
1130 2179 1364 2220 spiritualibus
1381 2179 1556 2228 deserviri,
1581 2179 1693 2212 dictus
1717 2179 1749 2211 d.
1775 2178 2045 2212 Archidiaconus
2069 2181 2102 2212 et
2126 2171 2282 2212 vicarius
2305 2181 2339 2213 et

516 2242 676 2284 specialis
716 2241 902 2283 Delegatus
942 2241 982 2274 D.
1023 2240 1193 2274 Guidonis
1232 2241 1295 2274 Dei
1325 2242 1432 2284 gratia
1467 2241 1630 2283 Episcopi
1666 2240 1772 2283 Papie
1808 2243 1841 2274 et
1876 2241 2105 2284 Episcopatus
2140 2241 2340 2284 papiensis,

517 2305 650 2337 nomine
676 2304 784 2345 ipsius
810 2304 971 2346 Episcopi
1008 2307 1040 2337 et
1077 2304 1315 2346 Episcopatus,
1352 2306 1384 2337 et
1419 2303 1459 2336 D.
1497 2302 1612 2337 Guido
1647 2303 1847 2345 Prepositus
1882 2304 1971 2337 dicte
1992 2304 2157 2337 >ecclesie
2192 2302 2227 2338 S.
2262 2302 2342 2338 Mu-

517 2367 625 2406 stiole,
650 2367 692 2399 de
718 2376 888 2399 consensu
925 2369 956 2399 et
994 2367 1165 2399 voluntate
1202 2365 1350 2408 Capituli
1387 2366 1530 2399 Maioris
1566 2366 1719 2400 Ecclesie
1755 2366 1860 2409 Papie
1897 2369 1929 2399 et
1969 2366 2258 2408 infrascriptorum
2282 2374 2340 2400 ca-
2392 2384 2395 2385 ⁷
2426 2346 2449 2367 '⁴

518 2430 726 2469 nonicorum,
751 2430 881 2462 scilicet
905 2429 1047 2471 predicti
1084 2428 1124 2462 D.
1162 2429 1311 2471 magistri
1350 2429 1493 2470 Hospini
1534 2428 1784 2469 Archidiaconi,
1820 2429 1861 2462 D.
1899 2429 2056 2462 lohannis
2091 2428 2339 2472 Archipresby-

518 2493 577 2525 teri
604 2493 745 2525 Maioris
771 2492 922 2525 Ecclesie
948 2493 1133 2534 papiensis,
1159 2491 1199 2524 D.
1225 2490 1382 2525 Comittis
1407 2490 1554 2525 Conradi
1580 2493 1622 2525 de
1648 2492 1807 2532 Lomello,
1833 2491 1873 2525 D.
1910 2491 2056 2525 Othonis
2091 2492 2134 2524 de
2169 2490 2342 2532 Beccaria,

519 2553 559 2587 D.
586 2554 767 2596 Bergundii
794 2555 835 2587 de
861 2553 1101 2594 Canevanova,
1127 2557 1159 2587 et
1183 2553 1223 2586 D.
1250 2554 1385 2586 Martini
1412 2553 1607 2594 lsembardi,
1633 2555 1677 2587 ibi
1714 2555 1920 2596 presentium
1957 2556 1989 2587 et
2025 2556 2221 2588 vocatorum
2249 2562 2342 2588 more

519 2617 629 2656 solito,
655 2617 910 2650 considerantes
935 2618 1026 2659 quod
1052 2618 1141 2650 dicta
1166 2617 1311 2650 ecclesia
1337 2615 1369 2649 S.
1396 2617 1569 2656 Mustiole,
1594 2619 1660 2650 tam
1686 2617 1788 2660 longo
1823 2619 1974 2659 tempore
1999 2626 2042 2649 ex
2079 2617 2206 2650 ratione
2234 2615 2344 2650 tallia-

578 2774 608 2800 (1)
623 2775 638 2795 11
654 2776 716 2796 testo
731 2775 767 2796 del
783 2775 923 2798 documento
938 2775 961 2797 iu
977 2776 1014 2803 gia
1035 2776 1171 2803 pubblicato
1192 2776 1229 2798 dal
1248 2776 1272 2798 Ρ.
1295 2776 1403 2799 ΤοκΕιιΙ

526 2818 580 2843 (vol.
597 2819 633 2841 lV.
650 2825 704 2845 pag.
718 2819 766 2845 300)
781 2825 808 2841 su
824 2820 890 2846 copia
907 2820 1047 2847 mandatagli
1062 2821 1098 2842 nel
1115 2821 1166 2842 1070
1179 2820 1209 2842 da
1231 2826 1277 2842 uno
1296 2820 1406 2843 studente

526 2862 562 2883 del
586 2865 718 2884 monastero
734 2863 756 2884 di
771 2862 794 2885 S.
811 2863 924 2890 Agostino
939 2864 961 2886 di
978 2864 1056 2891 Pavia¹
1078 2865 1093 2886 il
1118 2865 1143 2887 Ρ,
1166 2865 1249 2892 Vigilio
1271 2864 1354 2887 Rufiini
1377 2865 1406 2886 da

527 2906 621 2928 Trento.
638 2907 775 2933 Ripubblico
791 2908 805 2929 il
823 2908 971 2935 documento,
996 2909 1138 2936 togliendolo
1159 2909 1197 2931 dal
1219 2909 1312 2936 Torelli,
1334 2910 1407 2931 anche

527 2950 554 2972 G.
572 2950 679 2983 13051810,
702 2951 799 2973 Docum.
822 2952 908 2973 inediti
929 2952 992 2974 della
1016 2952 1102 2975 Chiesa
1124 2953 1220 2980 Panse,
1243 2953 1322 2980 Pavia,
1344 2954 1406 2980 Fusi,

530 2995 587 3021 1859,
604 3000 656 3021 pag.
672 2996 705 3016 41.
723 2995 753 3016 La
769 2997 848 3017 nostra
864 2996 977 3022 edizione,
993 2997 1105 3019 condotta
1120 2998 1178 3019 sulla
1190 3003 1329 3025 pergamena
1340 2998 1408 3025 origi-

529 3039 588 3065 nale,
604 3039 695 3060 elimina
710 3040 792 3061 alcune
807 3039 889 3061 mende
903 3040 932 3061 ed
947 3040 1076 3063 omissioni.

582 3082 612 3109 (2)
632 3077 650 3104 Ε
667 3083 681 3104 il
698 3083 805 3105 Vescovo
820 3084 897 3106 Guido
912 3084 948 3111 lll,
973 3084 1033 3106 della
1055 3086 1131 3107 nobile
1153 3086 1255 3113 iamiglia
1271 3092 1357 3113 pavese
1372 3086 1408 3108 dei

1458 2776 1537 2803 Zazzl,
1552 2775 1626 2803 prima
1647 2775 1759 2797 canonico
1773 2774 1810 2797 del
1825 2774 1926 2802 Duomo,
1941 2775 1980 2802 poi
2002 2775 2151 2796 benedettino
2165 2774 2226 2796 della
2238 2773 2342 2807 ew

1460 2821 1558 2847 gazione
1579 2820 1601 2842 di
1617 2819 1706 2847 Clugny
1721 2825 1733 2842 e
1748 2819 1828 2841 Priore
1846 2819 1883 2841 del
1904 2820 2038 2841 monastero
2059 2819 2081 2840 di
2104 2818 2246 2846 Pontanena,
2266 2817 2340 2841 natm

1460 2865 1505 2887 alla
1520 2865 1576 2887 sede
1591 2870 1678 2892 pavese
1699 2865 1735 2886 nel
1752 2864 1811 2891 1214,
1826 2860 1902 2886 niorto
1916 2863 1938 2886 ai
1953 2863 1980 2886 26
1993 2863 2097 2886 Gennaio
2114 2863 2171 2886 1ae4.
2186 2863 2234 2885 cfr.
2258 2862 2342 2887 Rufio·

1461 2913 1517 2937 ι1Ν1,
1533 2910 1635 2935 Non‘zle,
1651 2909 1690 2931 cit.
1706 2909 1757 2932 v01.
1773 2909 1810 2936 lv,
1825 2910 1892 2936 parte
1907 2908 1924 2935 1,
1939 2914 1992 2935 pag.
2009 2909 2054 2935 187,
2065 2914 2078 2930 e
2089 2908 2113 2930 F.
2128 2908 2240 2935 ΜΑΟΑΝΙ,
2253 2907 2343 2931 Crono-

1463 2954 1525 2976 rossi
1539 2954 1578 2975 dei
1597 2954 1661 2975 Vesc.
1677 2953 1703 2975 di
1717 2953 1798 2980 Ρανία,
1814 2958 1867 2980 pag.
1883 2952 1931 2975 905.
1984 2981 1987 2982 .

1515 2997 1545 3024 (3)
1560 2998 1576 3019 ll
1591 2998 1699 3020 TORELLl
1714 2997 1760 3024 (lv,
1775 2997 1824 3024 81))
1838 3003 1852 3019 e
1866 2997 1881 3019 il
1896 2997 1997 3019 8081510
2011 2996 2074 3024 (pag.
2089 2997 2124 3023 41)
2138 2997 2161 3018 in
2175 2996 2246 3023 luogo
2260 2996 2284 3019 di
2299 2995 2343 3019 Ce-

1467 3043 1528 3064 zime
1543 3043 1619 3064 hanno
1636 3041 1740 3064 Cremae.
1756 3041 1849 3064 Cecimn
1873 3046 1912 3063 era
1926 3046 1972 3063 una
1986 3042 2048 3063 terra
2063 3041 2123 3063 della
2138 3040 2226 3063 diocesi
2244 3045 2341 3068 pave-e,

1464 3086 1486 3108 di
1502 3086 1621 3113 propi-ieta
1636 3086 1672 3108 del
1687 3086 1802 3113 Vescovo,
1818 3086 1860 3108 che
1874 3091 1903 3108 ne
1917 3091 1957 3108 era
1971 3086 1986 3107 il
2000 3085 2139 3107 feudatario.
