2496 3600
472 232 536 267 108

465 366 578 400 fratris
603 366 763 400 Iohannis
787 366 830 400 de
855 365 1088 406 Vacharubea,
1125 365 1263 399 fratrum
1299 365 1379 399 dicti
1405 364 1545 399 Ordinis
1569 367 1603 400 et
1625 363 1826 400 Conventus
1849 366 1939 400 dicte
1970 365 2141 401 Ecclesie:
2163 371 2297 404 necnon

464 432 499 463 et
523 431 556 463 in
581 430 757 472 presencia
782 428 921 462 Tizonis
945 429 989 462 de
1013 427 1124 462 Arena
1149 426 1312 462 Consulis
1348 428 1480 462 iusticie
1505 427 1622 471 Papie.
1657 436 1756 462 suam
1790 429 2023 463 auctoritatem
2046 437 2218 472 suumque
2238 426 2354 477 (κήξ

465 495 592 526 cretum
618 492 862 534 interponentis
887 493 920 525 et
943 491 1126 533 prestantis
1162 490 1206 524 ad
1243 491 1305 523 hec
1340 490 1454 524 omnia
1477 491 1511 524 et
1533 490 1670 534 singula
1705 491 1878 534 inscripta.
1914 490 2042 526 Volens
2064 491 2166 526 saluti
2189 490 2326 527 :nim
2315 479 2354 512 ²²²²

465 565 529 589 sue
553 555 742 598 providere,
767 556 800 587 et
823 553 1035 587 secularibus
1060 553 1212 596 negociis
1236 554 1269 586 et
1291 552 1582 587 delectacionibus
1616 553 1660 587 de
1694 555 1806 587 cetero
1840 553 2022 594 abstinere,
2045 555 2079 588 et
2101 553 2217 588 mendi
2239 562 2322 598 ρο·-

466 618 571 651 ricula
597 626 658 660 pro
675 625 779 659 posse
803 617 964 655 evictare;
988 615 1032 648 ad
1058 615 1220 648 honorem
1244 614 1307 648 Dei
1333 617 1366 648 et
1389 615 1493 649 Beate
1516 615 1664 659 gloriose
1687 614 1837 659 Virginis
1854 615 1964 650 Marie
1986 618 2020 650 et
2042 615 2133 650 beati
2156 613 2323 652 Confes-

465 682 556 714 soris
592 679 786 722 Augustini
810 680 843 712 et
878 678 975 711 beate
1003 677 1178 718 Mustiole,
1202 678 1236 710 in
1261 678 1360 712 cuius
1384 678 1554 712 vocabulo
1579 678 1670 712 dicta
1695 677 1848 712 Ecclesia
1879 680 2104 722 nuncupatur,
2117 678 2174 712 ob
2196 679 2323 713 devm
2318 703 2330 733 {³

468 744 596 777 tionem
622 751 724 784 quam
751 742 853 775 habet
876 740 920 773 ad
949 741 1074 773 dictam
1099 739 1287 774 Ecclesiam
1311 742 1345 774 et
1376 738 1591 774 Conventum
1620 740 1759 774 fratrum
1783 741 1906 784 ipsius,
1927 749 1967 775 se
1989 742 2023 775 et
2045 749 2110 775 sua
2132 741 2326 795 dedicavitg

465 808 501 839 et
525 806 662 838 dedicat
697 805 807 837 dicto
824 802 943 836 Ordini
981 802 1224 836 Heremitarum
1262 801 1376 836 Sancti
1413 801 1595 846 Augustini
1619 805 1653 837 et
1675 801 1869 837 Conventui
1901 803 2040 837 fratrum
2058 801 2189 838 Sancte
2222 791 2324 862 ⁸¹¹¹*ss

469 868 568 901 stiole
605 868 636 900 in
674 865 885 900 Conversam
922 866 954 898 et
978 863 1279 899 Sanctimonialem
1300 865 1389 899 dicte
1413 865 1564 899 Ecclesie
1588 867 1621 899 et
1644 874 1795 900 sororem
1827 864 2028 900 Conventus
2052 865 2191 900 fratrum
2214 865 2283 901 dim

471 931 622 963 Ecclesie
657 930 736 962 dicti
774 928 914 962 Ordinis
950 928 1058 961 sancti
1095 927 1288 971 Augustini.
1326 927 1368 961 Et
1403 929 1558 970 promisit
1592 929 1693 962 dictis
1729 928 1857 963 Lectori
1891 930 1926 963 et
1959 928 2121 963 tratribus
2144 913 2341 989 dictoquf'¹

466 992 610 1027 Consuli
647 992 889 1034 recipientibus
925 993 957 1024 et
992 991 1236 1034 stipulantibus
1273 992 1419 1032 nomine,
1443 992 1518 1025 vice
1552 993 1584 1025 et
1618 991 1662 1025 ad
1695 993 1824 1035 partem
1859 992 1967 1026 dicte
1983 991 2135 1026 Ecclesie
2158 990 2310 1035 fratru
2304 968 2336 1019 ἕ

468 1058 502 1089 et
525 1054 725 1089 Conventus
762 1055 873 1097 ipsius
898 1055 931 1087 in
957 1054 1136 1087 manibus
1151 1054 1318 1087 dictorum
1355 1054 1504 1088 Lectoris
1528 1056 1561 1088 et
1585 1054 1724 1088 fratrum
1760 1054 1988 1088 obedientiam
2023 1054 2174 1088 debitam
2208 1054 2271 1089 iu

469 1118 620 1161 regulam
657 1118 746 1150 beati
783 1116 977 1160 Augustini,
1002 1118 1035 1150 et
1059 1116 1297 1158 quam'solite
1332 1118 1412 1150 sunt
1435 1117 1621 1150 etdebent
1654 1118 1688 1151 et
1706 1118 1876 1151 tenentur
1907 1118 2044 1155 servare
2074 1115 2183 1151 cetere
2252 1133 2278 1145 ιι

468 1190 567 1214 verse
592 1189 727 1213 sorores
752 1181 784 1213 et
809 1178 1091 1213 Sanctimoniales
1126 1179 1206 1212 dicti
1244 1178 1385 1212 Ordinis
1409 1180 1442 1212 et
1465 1177 1666 1213 Conventus
1701 1188 1778 1213 curn
1813 1179 1974 1213 omnibus
2009 1179 2176 1223 solempni
2200 1203 2203 1207 ,

465 1254 534 1286 que
559 1245 592 1276 in
617 1244 743 1276 talibus
768 1245 800 1276 et
824 1243 994 1276 similibus
1019 1243 1130 1276 solent
1154 1244 1186 1276 et
1204 1242 1534 1285 'debent-adhyberi.
1560 1241 1601 1276 Et
1624 1251 1835 1276 econverso
1869 1241 1967 1276 dicti'
1987 1242 2106 1276 Lector
2128 1242 2179 1285 ef

465 1308 559 1340 omni
586 1307 667 1346 iure,
693 1306 806 1346 modo,
831 1314 936 1339 causa
961 1307 993 1339 et
1018 1305 1136 1345 forma,
1173 1305 1299 1348 quibus
1336 1305 1457 1339 melius
1482 1306 1664 1347 potuerunt
1687 1306 1720 1339 et
1744 1307 1902 1348 possunt,
1926 1304 2144 1348 recceperunt
2167 1306 2202 1340 et

468 1371 567 1412 piunt
591 1370 715 1402 dictam
741 1367 902 1402 Ceciliam
928 1369 961 1401 in
977 1366 1209 1408 Conversam,
1234 1369 1443 1401 sororem'et
1458 1366 1763 1401 <Sanctimonialem
1777 1368 1857 1401 dicti
1875 1366 2015 1401 Ordinis
2039 1369 2072 1401 et
2095 1365 2210 1402 Conv'

466 1434 502 1466 et
525 1433 650 1465 dictam
674 1432 922 1464 dedicationem
946 1431 989 1464 de
1013 1439 1051 1464 se
1075 1432 1107 1464 et
1131 1431 1204 1464 suis
1229 1430 1478 1470 bonis‚factam
1502 1430 1655 1463 'similiter
1679 1430 1848 1464 humiliter
1871 1432 1904 1464 et
1926 1429 2070 1470 devote,
2084 1438 2177 1464 susc
2197 1446 2202 1459 ι

469 1498 502 1528 et
527 1496 712 1537 reccipiunt
738 1495 970 1536 promittentes
996 1494 1106 1527 facere
1131 1502 1210 1536 erga
1234 1502 1308 1526 eam
1333 1493 1447 1526 omnia
1471 1502 1511 1526 ea
1535 1502 1603 1535 que
1626 1493 1746 1527 fratres
1770 1495 1803 1526 et
1827 1491 2028 1527 Conventus
2063 1492 2144 1527 dicti
2176 1497 2191 1522 1

471 1560 626 1592 tenentur
650 1560 682 1591 et
706 1558 830 1591 debent
855 1557 965 1590 tacere
989 1555 1245 1596 Conversabus,
1270 1555 1452 1590 Sororibus
1477 1558 1509 1590 et
1533 1555 1855 1597 Sanctimonialibus
1880 1555 2030 1589 Ecclesie
2053 1557 2087 1590 et
2109 1553 2184 1590 Con

469 1622 638 1664 sepedicti
665 1630 740 1654 cum
766 1621 926 1653 omnibus
951 1619 1260 1662 solempnitatibus,
1285 1628 1352 1661 que
1376 1619 1487 1652 solent
1511 1619 1544 1652 in
1569 1619 1695 1652 talibus
1720 1619 1898 1661 interponi.
1923 1618 1965 1652 Et
1988 1619 2034 1652 ita
2057 1618 2148 1652 dicta
2182 1616 2212 1653 C

471 1685 591 1717 volens
618 1684 819 1716 hostendere
844 1683 1051 1715 voluntatem
1077 1691 1174 1716 suam
1199 1691 1410 1724 expressam,
1436 1690 1557 1715 manus
1582 1690 1665 1715 suas
1690 1682 1775 1714 intra
1800 1689 1921 1715 manus
1956 1681 2122 1714 dictorum
2158 1680 2205 1714 L-

470 1749 503 1780 et
527 1747 666 1779 fratrum
692 1746 807 1788 posuit
831 1746 969 1784 ibidem,
995 1745 1126 1784 volens,
1151 1745 1268 1778 dicens
1294 1746 1326 1778 et
1350 1746 1543 1786 protestans
1568 1753 1606 1777 se
1631 1743 1717 1777 velle
1741 1743 1893 1800 predicta
1916 1744 2030 1777 omnia
2047 1743 2183 1801 adimpl

471 1810 550 1842 dicti
577 1809 694 1842 Lector
719 1810 751 1842 et
775 1809 895 1841 tratres
920 1817 1041 1841 manus
1066 1808 1154 1841 dicte
1179 1806 1305 1841 Cecilie
1329 1808 1415 1840 intra
1439 1816 1522 1840 suas
1546 1808 1764 1849 recceperunt
1787 1807 1902 1840 animo
1925 1808 1958 1840 et
1978 1803 2166 1840 intentione
2181 1806 2216 1841 et

471 1873 715 1915 protestatione
751 1871 958 1904 observandi
995 1871 1108 1903 omnia
1145 1871 1304 1912 superius
1340 1879 1400 1912 per
1423 1878 1484 1903 eos
1509 1870 1688 1911 promissa.
1726 1869 1767 1902 Et
1791 1869 1870 1903 inde
1893 1869 1973 1902 dicti
1998 1869 2116 1903 Lector
2138 1870 2173 1903 et
2195 1868 2207 1903 l

471 1938 601 1975 tenens,
627 1935 757 1974 fratres,
783 1933 912 1968 Consul
938 1935 970 1966 et
994 1934 1083 1966 dicta
1109 1932 1235 1967 Cecilia
1261 1933 1348 1966 hanc
1379 1934 1504 1966 cartam
1528 1934 1562 1966 et
1585 1932 1700 1975 plures
1735 1933 1806 1965 fieri
1842 1933 2014 1966 iusserunt
2037 1933 2070 1966 et
2092 1941 2176 1975 roga

470 1998 696 2031 lnterfuerunt
732 1996 951 2030 Gualterotus
987 1996 1137 2030 Oliarius
1162 1996 1204 2029 de
1229 1995 1412 2035 Placentia,
1437 1995 1580 2030 Rufinus
1605 1995 1648 2028 de
1671 1993 1788 2028 Durne
1812 1997 1844 2028 et
1867 1994 1988 2028 Daniel
2024 1994 2068 2028 de
2090 1994 2194 2028 Zach

473 2061 551 2093 inde
576 2063 690 2094 testes.
718 2060 790 2102 Ego
816 2059 958 2092 lacobus
983 2059 1026 2092 de
1051 2058 1252 2092 Surriascho
1281 2058 1440 2100 publicus
1466 2058 1643 2100 papiensis
1669 2057 1834 2100 Imperiali
1858 2058 2056 2091 auctoritate
2079 2057 2200 2091 Notati

473 2124 577 2156 ludex
604 2122 806 2156 Ordinarius
843 2122 1003 2164 predictis
1040 2121 1174 2154 interfui
1200 2123 1233 2154 et
1257 2122 1289 2153 in
1315 2121 1378 2154 hac
1403 2119 1506 2154 Carta
1530 2129 1550 2153 a
1574 2129 1627 2153 me
1662 2120 1809 2153 traddita
1844 2122 1877 2153 et
1911 2121 2029 2163 rogata
2053 2120 2134 2153 mihi
2158 2119 2231 2154 fieri

473 2187 505 2218 in
531 2195 570 2218 ea
595 2186 794 2227 subscripsi.
814 2184 887 2227 Ego
904 2184 1097 2217 Bertolinus
1122 2183 1164 2216 de
1189 2181 1380 2216 Carimanis
1404 2182 1566 2216 Notarius
1583 2182 1742 2224 publicus
1756 2182 1932 2224 papiensis
1950 2183 2038 2216 hanc
2054 2180 2192 2247 Cartam

469 2249 695 2291 suprascripti
722 2247 832 2281 iacobi
859 2247 901 2280 de
926 2246 1111 2280 Suriascho
1135 2246 1265 2279 Notarii
1291 2246 1424 2288 scripsi

1351 2393 1435 2434 LI.

563 2505 578 2533 1
603 2505 686 2534 frati
710 2504 908 2534 Eremitani
933 2503 1164 2533 rivendicano
1188 2512 1316 2541 presso
1341 2503 1353 2532 i
1378 2503 1528 2533 Tribuni
1553 2504 1648 2534 della
1671 2504 1775 2542 plebe
1799 2504 1836 2534 di
1860 2503 1975 2534 Pavia
2005 2512 2076 2533 una
2099 2511 2187 2534 casa

473 2562 571 2587 tante
596 2558 641 2588 ad
666 2567 712 2588 un
737 2558 921 2596 Religioso
946 2558 982 2588 di
1008 2558 1044 2588 S.
1070 2557 1257 2595 Agostino.

1115 2655 1274 2687 1369,
1301 2654 1586 2688 iebbrai09
1613 2655 1668 2681 4.

905 2743 983 2769 (Aren.
999 2744 1086 2766 Museo
1101 2743 1181 2766 Civico
1197 2743 1219 2765 di
1235 2743 1312 2766 Storia
1327 2743 1413 2771 patria,
1429 2743 1501 2766 Pavia
1515 2754 1542 2758 ——
1557 2743 1664 2770 Pergam.
1680 2743 1765 2766 munic.
1781 2749 1804 2765 n.
1821 2743 1878 2768 168).

489 2899 495 3024 Ι
551 2912 668 3028 A
727 2929 806 2958 ΝΝΟ
830 2934 850 2958 a
875 2926 1049 2958 nativitate
1073 2924 1209 2958 Domini
1235 2925 1414 2958 millesimo
1438 2926 1672 2958 trecentesimo
1695 2924 1981 2967 quinquagesimo
2013 2932 2114 2964 nono,
2138 2908 2342 2958 indicina&

748 2988 960 3028 duodecima,
985 2989 1040 3021 die
1066 2989 1153 3028 lune,
1179 2990 1299 3030 quarto
1324 2989 1451 3021 mensis
1476 2988 1650 3027 februarii,
1677 2988 1758 3020 hora
1782 2988 1912 3027 octave‚
1937 2986 1970 3019 in
1995 2985 2113 3028 Papia,
2149 2983 2346 3029 videlicet&

492 3026 564 3086 l—
749 3059 853 3092 super
877 3051 1011 3092 palacio
1036 3052 1142 3084 veteri
1167 3049 1334 3084 Comunis
1359 3050 1476 3092 Papie,
1501 3051 1544 3083 ad
1563 3050 1742 3089 banchum‚
1761 3049 1818 3082 ubi
1836 3049 1889 3082 ius
1906 3048 2057 3081 redditur
2073 3057 2133 3090 per
2148 3047 2314 3093 dominos«
2328 3033 2359 3096 ⁷2}

473 3111 648 3145 'Tribunos
667 3111 781 3145 Plebis
799 3114 945 3145 civitatis
963 3112 1078 3155 Papie.
1096 3113 1232 3146 Domini
1251 3113 1464 3156 Augustinus
1482 3112 1690 3152 Panizazius,
1709 3110 1912 3145 Guillelmus
1928 3111 1972 3144 de
1988 3109 2097 3151 Serra,
2114 3100 2360 3144 Bertolinus*-
