2496 3600
348 5 388 18 ,=
414 0 513 30 fflm'ff
536 0 568 17 *r*
659 8 662 10 -
692 0 695 5 ¹
748 23 753 30 ἰ
804 3 807 10 i
935 0 939 5 ”

259 35 284 65 ᾡς
335 38 390 61 Α·
411 33 420 44 ⁴

158 257 167 278 -ξ
172 236 215 279 ,ζ’
263 251 265 254 ⁴
1966 240 1977 271 ¹
1985 241 2022 272 7¹

155 298 1251 318 ,rb————--————-————————

210 366 394 410 papienses
417 365 553 398 nomine
576 366 655 405 ficti,
684 367 916 408 subscriptum
941 377 1001 409 per
1025 367 1206 401 Iohannem
1242 369 1284 401 de
1321 368 1506 402 Panizariis
1543 371 1708 403 notarIum
1744 371 1848 403 filium
1886 373 2026 413 predicti

211 427 383 472 quondam
408 426 589 470 Augustini
614 437 658 460 ex
683 430 888 462 comissione
913 431 978 462 sibi
1003 439 1107 472 super
1132 431 1195 463 hoc
1219 431 1364 464 atributa
1387 429 1449 472 (1).

298 489 377 523 Item
402 490 660 523 instrumentum
686 500 788 523 unum
814 493 1032 525 comissionis
1057 495 1088 525 et
1113 493 1251 526 licencie
1276 493 1353 526 date
1379 493 1517 526 Iohanni
1543 494 1586 526 de
1610 493 1795 527 Panizariis
1821 497 1950 528 notario
1968 506 2027 538 per

209 552 382 587 dominum
406 551 577 593 Philipum
602 553 644 585 de
662 552 782 586 Pessia
808 554 1036 596 iurisperitum
1062 555 1224 587 vicarIum
1250 555 1440 597 generalem
1466 556 1592 588 domini
1619 555 1729 589 Pinoti
1754 557 1796 589 de
1822 556 1952 590 Pinotis
1978 558 2027 590 lo-

210 623 285 648 cum
309 614 455 647 tenentis
479 614 512 646 in
537 615 672 647 civitate
698 618 730 648 et
755 616 907 649 districtu
934 618 1090 658 papiensi
1128 618 1252 650 nobilis
1277 619 1308 650 et
1344 619 1492 659 potentis
1529 619 1590 651 viri
1627 619 1754 651 domini
1792 619 1949 653 Iohannis
1986 621 2027 653 de

209 675 377 711 pirovano
401 677 580 718 potestatis
597 676 713 718 Papie,
727 678 888 719 explendi
915 679 1080 711 breviaria
1106 681 1138 712 et
1163 680 1194 711 in
1221 680 1415 720 pubblicam
1440 680 1580 713 formam
1607 681 1779 723 redigendi
1805 682 2026 715 instrumenta

155 724 170 766 's
208 738 280 773 fieri
305 740 421 780 rogata
445 740 680 780 suprascripto
705 740 876 781 quondam
903 740 1094 782 Augustino
1119 741 1160 773 de
1186 741 1370 774 Panizariis
1385 743 1525 782 notario,
1543 743 1724 775 tradditum
1750 746 1782 776 et
1807 744 1838 775 in
1858 744 2027 785 publicam

201 801 350 849 xformam
386 801 538 834 redatum
563 794 595 834 et
619 802 849 843 subscriptum
874 811 935 844 per
959 802 1195 845 Thomaynum
1221 804 1263 836 de
1289 803 1468 837 Belisomis
1497 806 1662 838 notarium
1700 807 1898 847 papiensem
1938 815 2028 840 anno

138 863 172 912 ἒξ
191 871 307 897 “curso
331 862 509 896 milleSImo
533 864 769 896 trecentesimo
794 865 1011 906 sexagesimo
1036 866 1155 906 primo,
1180 866 1234 898 die
1259 867 1425 908 vigeSImo
1449 868 1553 899 tercio
1578 869 1705 900 mensis
1729 869 1875 910 augusti.

297 924 376 958 Item
401 925 658 958 instrumentum
685 935 788 958 unum
815 926 1000 960 locacionis
1025 928 1067 959 ad
1093 928 1243 969 quinque
1268 937 1376 960 annos
1413 938 1472 970 per
1504 929 1677 962 dominum
1702 929 1836 963 fratrem
1868 930 2026 963 Iacobum

135 984 175 1033 ᾖ
207 987 287 1021 dicti
313 987 506 1020 monasterii
531 988 640 1020 sancti
666 987 755 1020 Petri
781 989 813 1020 in
839 989 924 1021 cello
949 998 1052 1021 aureo
1078 990 1234 1022 abbatem
1261 993 1292 1022 et
1318 991 1502 1023 canonicos
1528 993 1559 1024 et
1585 993 1787 1024 conventum
1806 993 1886 1025 dicti
1912 1002 2028 1026 mona-

207 1050 300 1084 sterii
325 1050 413 1083 facte
438 1050 470 1082 in
496 1050 631 1083 fratrem
662 1050 843 1083 Iohannem
868 1052 910 1084 de
936 1050 1025 1084 Sena
1050 1052 1179 1084 ordinis
1215 1052 1352 1085 fratrum
1394 1054 1628 1086 heremitarum
1660 1056 1820 1096 tanquam
1858 1055 2026 1088 sindicum

163 1123 169 1143 ;-
206 1114 240 1146 et
263 1114 515 1155 procuratorem
541 1113 679 1145 fratrum
705 1115 737 1145 et
762 1115 952 1146 conventus
977 1114 1106 1146 ordinis
1143 1115 1377 1147 heremitarum
1414 1117 1522 1148 sancti
1559 1116 1740 1158 Augustini
1766 1116 1882 1158 PapIe,
1911 1126 2025 1150 eorum

154 1202 165 1206 f
195 1175 390 1209 rsindicario
415 1176 549 1207 nomine
574 1176 800 1216 recipientem,
826 1176 868 1208 de
893 1175 1018 1208 tabulis
1044 1179 1189 1217 quatuor
1213 1177 1389 1210 sediminis
1414 1179 1516 1219 positi
1534 1179 1566 1210 in
1584 1178 1690 1220 Papia
1709 1179 1740 1211 in
1759 1181 1854 1220 porta
1873 1179 2025 1212 laudensi

149 1250 155 1268 .-
206 1239 240 1272 in
265 1238 426 1280 parochia
450 1239 558 1271 sancti
585 1238 662 1278 Viti,
687 1247 748 1280 pro
773 1239 850 1271 ficto
875 1239 1089 1271 denariorum
1115 1242 1260 1281 quatuor
1284 1241 1456 1272 annuatim
1493 1241 1634 1274 durante
1659 1242 1750 1274 dicto
1786 1243 1927 1274 termino
1952 1243 2027 1275 red-

206 1300 319 1333 dendo
343 1309 403 1342 per
426 1301 554 1333 dictum
579 1301 746 1333 sindicum
772 1301 864 1334 dicto
890 1302 1024 1334 nomine
1051 1302 1136 1343 ipsis
1160 1303 1299 1334 domino
1324 1303 1438 1335 abbati
1453 1306 1484 1335 et
1502 1304 1677 1336 canonicis
1694 1306 1726 1336 et
1744 1305 1937 1343 conventui,
1955 1305 2025 1337 erri

206 1364 359 1406 rogatum
385 1362 485 1396 Petro
509 1363 551 1395 de
575 1361 778 1396 Sclafenatis
803 1364 933 1396 notario
958 1364 1114 1405 papiensi
1139 1373 1229 1396 anno
1253 1373 1353 1397 curso
1378 1365 1556 1397 millesimo
1566 1366 1801 1398 trecentesimo
1815 1367 2027 1408 quinquage-

205 1425 293 1458 simo
317 1427 448 1467 quarto,
473 1426 528 1458 die
554 1425 701 1467 septimo
737 1426 863 1458 mensis
899 1425 1058 1458 februarii
1084 1428 1116 1459 et
1141 1427 1370 1468 subscriptum
1396 1436 1455 1469 per
1491 1427 1671 1460 Iohannem
1697 1428 1738 1460 de
1764 1426 1931 1469 Campixe
1967 1438 2027 1461 no-

182 1515 184 1518 ,
205 1488 325 1521 tarIum
349 1488 549 1529 papiensem
573 1497 617 1521 ex
643 1489 849 1521 comissione
874 1488 939 1521 sibi
965 1488 1054 1521 facta
1079 1497 1182 1530 super
1207 1489 1271 1522 hoc
1296 1487 1357 1530 (2).

293 1549 372 1583 Item
397 1551 655 1583 instrumentum
681 1559 785 1583 unum
810 1550 1039 1583 confessionis
1064 1560 1124 1592 per
1148 1552 1275 1584 dIctum
1301 1552 1435 1584 fratrem
1462 1552 1620 1585 Iacobum
1646 1553 1815 1592 abbatem,
1841 1554 2025 1586 canonicos

125 1612 154 1651 3
204 1614 239 1646 et
261 1614 465 1646 conventum
489 1613 571 1646 dicti
596 1613 790 1646 monasterii
816 1614 924 1646 sancti
950 1612 1039 1646 Petri
1065 1614 1097 1646 in
1123 1614 1209 1647 cello
1234 1623 1337 1647 aureo
1363 1614 1448 1647 facte
1471 1623 1592 1648 versus
1617 1615 1751 1648 fratrem
1778 1615 1957 1648 Iohannem
1983 1616 2025 1648 de

205 1673 433 1718 Saglimbenis
457 1676 538 1708 dicti
563 1676 693 1708 ordInis
718 1676 955 1709 heremitarum
973 1677 1082 1709 sancti
1100 1676 1281 1718 Augustini
1300 1677 1468 1709 sindicum
1486 1679 1519 1710 et
1536 1680 1786 1718 procuratorem
1810 1679 2025 1719 recipientem

202 1738 388 1772 sindicario
412 1740 444 1771 et
467 1739 700 1780 procuratorio
724 1738 860 1771 nomine
886 1738 1024 1771 fratrum
1049 1740 1081 1771 et
1106 1741 1295 1772 conventus
1332 1739 1566 1772 heremitarum
1603 1741 1711 1772 sancti
1749 1739 1929 1782 Augustini
1967 1749 2027 1781 pa-

205 1801 345 1843 piensis,
370 1801 413 1833 de
437 1800 545 1834 soldis
569 1801 688 1834 decem
713 1803 790 1833 octo
815 1802 847 1833 et
871 1801 1021 1834 denariis
1046 1803 1192 1843 quatuor
1216 1802 1441 1843 papiensibus
1466 1811 1527 1843 pro
1540 1802 1619 1834 ficto
1637 1803 1715 1834 anni
1742 1803 1832 1835 cursi
1857 1802 2026 1835 millesimi

203 1863 429 1896 trecentesimi
454 1863 661 1905 sexagesimi
686 1864 787 1903 sexti,
813 1863 868 1896 die
893 1863 1026 1896 decImo
1051 1873 1142 1896 nono
1167 1864 1294 1897 mensis
1320 1864 1403 1897 Maii
1428 1862 1516 1906 (3).-v

292 1925 372 1959 Item
398 1926 656 1959 instrumentum
681 1935 784 1958 unum
810 1926 1084 1959 denunciationis
1109 1928 1140 1959 et
1165 1927 1420 1968 protestationis
1454 1936 1514 1968 per
1539 1927 1774 1961 Reverendum
1801 1929 1929 1969 patrem
1966 1928 2028 1960 do-

205 1988 331 2021 minum
354 1988 488 2021 fratrem
514 1987 707 2022 Dionisium
733 1989 926 2022 monasterii
951 1989 1059 2021 sancti
1085 1988 1173 2022 Petri
1200 1989 1232 2021 in
1259 1989 1344 2022 cello
1369 1998 1472 2022 aureo
1497 1990 1655 2022 abbatem
1680 1990 1768 2023 facte
1794 1990 1954 2022 fratribus
1969 1991 2027 2023 he-

194 2040 396 2084 remitarum
421 2052 528 2084 sancti
554 2050 735 2093 Augustini
761 2053 951 2084 conventus
976 2050 1091 2093 Papie,
1117 2052 1295 2084 continens
1320 2052 1352 2084 in
1378 2052 1498 2084 effectu
1525 2052 1616 2093 quod
1635 2052 1714 2085 dicti
1728 2052 1847 2085 fratres
1865 2052 2027 2085 deberent

205 2113 285 2146 dare
309 2114 343 2146 et
366 2113 568 2155 consignare
592 2114 682 2146 dicto
707 2114 846 2146 domino
870 2114 985 2147 abbati
1011 2116 1043 2147 et
1067 2114 1141 2147 eius
1166 2115 1348 2147 conventui
1386 2115 1599 2147 medietatem
1636 2115 1814 2156 paliorum‚
1843 2123 2025 2155 cereorum,

134 2215 135 2218 Ἴ
204 2176 237 2208 et
260 2175 475 2209 denariorum
499 2176 691 2209 oblatorum
716 2177 749 2208 in
774 2177 955 2209 missarum
980 2176 1215 2210 celebracione
1251 2177 1340 2210 facta
1365 2186 1424 2218 per
1449 2177 1560 2218 ipsum
1597 2177 1771 2209 dominum
1809 2177 1967 2210 abbatem
1994 2178 2026 2209 in

134 2225 150 2269 31
205 2236 293 2271 festo
316 2238 424 2271 sancti
449 2237 642 2281 Augustini,
667 2239 760 2280 quod
786 2239 848 2271 fuit
872 2239 964 2272 dicto
989 2239 1043 2271 die
1067 2239 1230 2272 factarum
1247 2239 1412 2271 dictarum
1426 2239 1684 2272 cellebraeionis
1708 2241 1740 2272 et
1764 2240 2027 2281 protestacionis

135 2291 152 2347 ‘J
205 2299 300 2333 iuxta
323 2300 465 2334 formam
491 2303 666 2343 pactorum
691 2301 776 2334 inter
800 2303 914 2343 partes
940 2302 1034 2343 ipsas
1059 2302 1227 2341 initorum,
1253 2301 1436 2334 tradditum
1462 2304 1494 2334 et
1519 2302 1551 2334 in
1577 2301 1749 2344 publicam
1785 2301 1926 2334 formam
1952 2301 2028 2334 red-

152 2359 153 2362 ’
205 2362 320 2396 datum
345 2372 404 2405 per
428 2362 612 2396 Antonium
637 2364 680 2397 de
704 2362 878 2397 Guaschis
903 2365 945 2397 de
971 2364 1141 2397 Beluscho
1167 2365 1333 2397 notarium
1370 2364 1655 2398 mediolanensem
1692 2374 1781 2397 anno
1818 2373 1917 2398 curso
1954 2364 2028 2397 mil-

205 2424 324 2459 lesimo
348 2427 584 2459 trecentesimo
608 2427 842 2469 octuagesimo
866 2429 977 2467 sexto,
1002 2427 1057 2460 die
1082 2427 1250 2469 vigesimo
1275 2428 1397 2459 octavo
1422 2427 1550 2460 mensIs
1575 2426 1731 2469 Augusti.

272 2487 352 2521 Item
377 2488 634 2521 instrumentum
661 2498 763 2522 unum
788 2489 1048 2531 protestacionis
1062 2491 1094 2522 et
1108 2490 1386 2522 denunciacionfs
1399 2489 1562 2522 factarum
1581 2499 1641 2531 per
1658 2489 1823 2531 prefatum
1852 2490 2026 2522 dominum

206 2549 363 2583 abbatem
387 2550 550 2592 predictis
574 2550 734 2584 fratribus
759 2551 985 2584 existentibus
1010 2552 1043 2584 in
1068 2549 1183 2584 Choro
1207 2551 1296 2584 dicte
1322 2551 1475 2584 Ecclesie
1499 2552 1606 2584 sancti
1631 2550 1813 2593 Augustini
1831 2551 1874 2584 ad
1899 2551 2027 2584 Missa—

206 2621 278 2645 rum
302 2613 572 2653 celebrationem,
597 2613 774 2660 continens
799 2614 831 2646 in
856 2614 976 2647 effectu
1001 2616 1171 2656 quatenus
1195 2614 1275 2647 dicti
1301 2614 1420 2647 tratres
1460 2614 1689 2655 permitterent
1714 2614 1826 2655 ipsum
1851 2613 2025 2646 dominum

206 2665 364 2709 abbatem
389 2676 524 2718 signare
548 2678 580 2709 et
605 2676 805 2709 benedicere
829 2677 956 2716 vinum,
981 2685 1104 2718 aquam
1129 2679 1161 2710 et
1185 2677 1275 2716 thus,
1301 2686 1367 2718 que
1392 2677 1524 2718 operari
1550 2678 1583 2709 et
1606 2677 1686 2718 poni
1719 2676 1890 2709 debebant
1914 2677 1946 2709 in
1972 2685 2028 2710 sa-

207 2737 333 2771 crificio
356 2738 472 2772 altaris
496 2739 591 2772 iuxta
615 2740 715 2781 pacta
739 2739 821 2771 inita
857 2739 940 2772 inter
964 2740 996 2772 et
1020 2748 1081 2781 per
1115 2741 1230 2781 partes
1265 2739 1402 2772 easdem
1439 2747 1499 2772 seu
1535 2748 1648 2772 earum
1685 2739 1958 2781 predecessores,
1994 2741 2027 2772 et

208 2799 302 2834 iuxta
326 2809 451 2834 morem
476 2802 618 2834 actenus
641 2801 860 2834 observatum
885 2801 918 2833 in
944 2801 1090 2834 ecclesia
1115 2802 1201 2843 ipsa,
1226 2801 1408 2834 tradditum
1433 2803 1465 2834 et
1491 2802 1523 2833 in
1548 2801 1744 2843 pubblicam
1785 2800 1925 2834 formam
1951 2801 2027 2834 red-

208 2862 323 2896 datum
347 2872 408 2905 per
431 2863 557 2897 dictum
583 2862 766 2896 Antonium
792 2864 834 2896 de
859 2862 1031 2897 Guaschis
1055 2863 1097 2897 de
1122 2863 1293 2897 Beluscho
1317 2864 1483 2897 notarium
1501 2863 1801 2904 mediolanensem,
1818 2872 1908 2896 anno
1925 2872 2026 2897 curso

208 2924 386 2959 millesimo
410 2926 646 2959 trecentesimo
671 2926 904 2969 octuagesimo
928 2927 1039 2966 sexto,
1064 2926 1118 2959 die
1142 2928 1266 2959 octavo
1291 2926 1418 2959 mensis
1443 2924 1664 2968 Septembris.

264 3083 296 3110 (1)
309 3083 367 3107 ved!
381 3084 434 3107 doc.
449 3090 471 3106 n.
486 3084 586 3107 XXXVI.
1196 3083 1228 3110 (3)
1242 3083 1300 3106 Vedl
1314 3083 1367 3106 doc.
1382 3090 1405 3106 n.
1421 3084 1486 3107 LVII.
1501 3083 1529 3106 Al
1551 3083 1661 3107 Canoniei
1682 3089 1792 3112 premeva
1812 3084 1835 3106 dl
1857 3084 2022 3106 documenrare

265 3128 298 3155 ‹2›
311 3129 369 3152 ved!
383 3129 436 3152 doc.
451 3135 473 3152 n.
488 3129 567 3152 XLIV.
1146 3128 1223 3156 quegli
1238 3128 1311 3156 oneri,
1326 3129 1368 3151 che
1382 3129 1413 3156 gii
1428 3129 1553 3166 Eremltani
1567 3134 1673 3151 avevano
1687 3130 1786 3151 assunto
1797 3134 1843 3156 pro
1857 3129 1918 3151 bono
1929 3129 2005 3155 paces.
