<?xml version="1.0" encoding="UTF-8"?>
<!DOCTYPE html PUBLIC "-//W3C//DTD XHTML 1.0 Transitional//EN"
    "http://www.w3.org/TR/xhtml1/DTD/xhtml1-transitional.dtd">
<html xmlns="http://www.w3.org/1999/xhtml" xml:lang="en" lang="en">
 <head>
  <title>
</title>
<meta http-equiv="Content-Type" content="text/html;charset=utf-8" />
  <meta name='ocr-system' content='tesseract 3.04.00' />
  <meta name='ocr-capabilities' content='ocr_page ocr_carea ocr_par ocr_line ocrx_word'/>
</head>
<body>
  <div class='ocr_page' id='page_1' title='image "./codexdiplomaticu01maiouoft_0284.png"; bbox 0 0 2496 3600; ppageno 0'>
   <div class='ocr_carea' id='block_1_1' title="bbox 472 0 1555 71">
    <p class='ocr_par' dir='ltr' id='par_1_1' title="bbox 472 0 1555 71">
     <span class='ocr_line' id='line_1_1' title="bbox 472 0 1555 71; baseline 0 3529"><span class='ocrx_word' id='word_1_1' title='bbox 472 0 1555 71; x_wconf 95' lang='lat' dir='ltr'> </span> 
     </span>
    </p>
   </div>
   <div class='ocr_carea' id='block_1_2' title="bbox 479 271 547 305">
    <p class='ocr_par' dir='ltr' id='par_1_2' title="bbox 479 271 547 305">
     <span class='ocr_line' id='line_1_2' title="bbox 479 271 547 305; baseline 0.015 -1"><span class='ocrx_word' id='word_1_2' title='bbox 479 271 547 305; x_wconf 87' lang='lat'>214</span> 
     </span>
    </p>
   </div>
   <div class='ocr_carea' id='block_1_3' title="bbox 750 336 1523 346">
    <p class='ocr_par' dir='ltr' id='par_1_3' title="bbox 750 336 1523 346">
     <span class='ocr_line' id='line_1_3' title="bbox 750 336 1523 346; baseline -0.005 -1"><span class='ocrx_word' id='word_1_3' title='bbox 750 340 871 345; x_wconf 33' lang='lat' dir='ltr'>——ffism</span> <span class='ocrx_word' id='word_1_4' title='bbox 875 341 879 344; x_wconf 94' lang='lat'>.</span> <span class='ocrx_word' id='word_1_5' title='bbox 883 341 887 343; x_wconf 70' lang='grc'><strong>.</strong></span> <span class='ocrx_word' id='word_1_6' title='bbox 891 340 928 344; x_wconf 53' lang='grc'>-.,,</span> <span class='ocrx_word' id='word_1_7' title='bbox 934 340 966 344; x_wconf 40' lang='grc' dir='ltr'>...ί</span> <span class='ocrx_word' id='word_1_8' title='bbox 970 339 1022 345; x_wconf 47' lang='lat'>...,</span> <span class='ocrx_word' id='word_1_9' title='bbox 1026 339 1068 344; x_wconf 73' lang='lat'>-—.</span> <span class='ocrx_word' id='word_1_10' title='bbox 1077 339 1148 346; x_wconf 66' lang='grc'>.-,,-.-</span> <span class='ocrx_word' id='word_1_11' title='bbox 1152 339 1240 344; x_wconf 41' lang='lat' dir='ltr'>*w*</span> <span class='ocrx_word' id='word_1_12' title='bbox 1244 339 1259 342; x_wconf 35' lang='grc' dir='ltr'>ν.</span> <span class='ocrx_word' id='word_1_13' title='bbox 1265 336 1523 343; x_wconf 46' lang='grc' dir='ltr'>...ι-*ψ-</span> 
     </span>
    </p>
   </div>
   <div class='ocr_carea' id='block_1_4' title="bbox 2120 900 2496 3115">
    <p class='ocr_par' dir='ltr' id='par_1_4' title="bbox 2120 900 2496 3115">
     <span class='ocr_line' id='line_1_4' title="bbox 2213 900 2496 1111; baseline 0 -85"><span class='ocrx_word' id='word_1_14' title='bbox 2213 900 2496 1111; x_wconf 95' lang='lat' dir='ltr'>    </span> 
     </span>
     <span class='ocr_line' id='line_1_5' title="bbox 2146 1111 2496 1303; baseline 0 -89"><span class='ocrx_word' id='word_1_15' title='bbox 2146 1111 2496 1303; x_wconf 95' lang='lat' dir='ltr'>    </span> 
     </span>
     <span class='ocr_line' id='line_1_6' title="bbox 2154 1303 2496 1424; baseline 0 0"><span class='ocrx_word' id='word_1_16' title='bbox 2154 1303 2496 1424; x_wconf 95' lang='lat' dir='ltr'>    </span> 
     </span>
     <span class='ocr_line' id='line_1_7' title="bbox 2159 1424 2496 1589; baseline 0 -40"><span class='ocrx_word' id='word_1_17' title='bbox 2159 1424 2496 1589; x_wconf 95' lang='lat' dir='ltr'>   </span> 
     </span>
     <span class='ocr_line' id='line_1_8' title="bbox 2168 1589 2496 1674; baseline 0 0"><span class='ocrx_word' id='word_1_18' title='bbox 2168 1589 2496 1674; x_wconf 95' lang='lat' dir='ltr'>  </span> 
     </span>
     <span class='ocr_line' id='line_1_9' title="bbox 2171 1674 2496 1864; baseline 0 -89"><span class='ocrx_word' id='word_1_19' title='bbox 2171 1674 2496 1864; x_wconf 95' lang='lat' dir='ltr'>     </span> 
     </span>
     <span class='ocr_line' id='line_1_10' title="bbox 2147 1864 2496 1991; baseline 0 -64"><span class='ocrx_word' id='word_1_20' title='bbox 2147 1864 2496 1991; x_wconf 95' lang='lat' dir='ltr'>   </span> 
     </span>
     <span class='ocr_line' id='line_1_11' title="bbox 2155 1991 2496 2174; baseline 0 0"><span class='ocrx_word' id='word_1_21' title='bbox 2155 1991 2496 2174; x_wconf 95' lang='lat' dir='ltr'>   </span> 
     </span>
     <span class='ocr_line' id='line_1_12' title="bbox 2120 2174 2496 2300; baseline 0 -88"><span class='ocrx_word' id='word_1_22' title='bbox 2120 2174 2496 2300; x_wconf 95' lang='lat' dir='ltr'>    </span> 
     </span>
     <span class='ocr_line' id='line_1_13' title="bbox 2148 2300 2496 2487; baseline 0 -149"><span class='ocrx_word' id='word_1_23' title='bbox 2148 2300 2496 2487; x_wconf 95' lang='lat' dir='ltr'>     </span> 
     </span>
     <span class='ocr_line' id='line_1_14' title="bbox 2157 2487 2496 2677; baseline 0 -88"><span class='ocrx_word' id='word_1_24' title='bbox 2157 2487 2496 2677; x_wconf 95' lang='lat' dir='ltr'>     </span> 
     </span>
     <span class='ocr_line' id='line_1_15' title="bbox 2190 2677 2496 2879; baseline 0 0"><span class='ocrx_word' id='word_1_25' title='bbox 2190 2677 2496 2879; x_wconf 95' lang='lat' dir='ltr'>  </span> 
     </span>
     <span class='ocr_line' id='line_1_16' title="bbox 2217 2879 2496 2981; baseline 0 0"><span class='ocrx_word' id='word_1_26' title='bbox 2217 2879 2496 2981; x_wconf 95' lang='lat' dir='ltr'>    </span> 
     </span>
     <span class='ocr_line' id='line_1_17' title="bbox 2212 2981 2496 3115; baseline 0 -57"><span class='ocrx_word' id='word_1_27' title='bbox 2212 2981 2496 3115; x_wconf 95' lang='lat' dir='ltr'>    </span> 
     </span>
    </p>
   </div>
   <div class='ocr_carea' id='block_1_5' title="bbox 1281 502 1494 545">
    <p class='ocr_par' dir='ltr' id='par_1_5' title="bbox 1281 502 1494 545">
     <span class='ocr_line' id='line_1_18' title="bbox 1281 502 1494 545; baseline -0.009 0"><span class='ocrx_word' id='word_1_28' title='bbox 1281 502 1494 545; x_wconf 86' lang='lat' dir='ltr'>cxxn.</span> 
     </span>
    </p>
   </div>
   <div class='ocr_carea' id='block_1_6' title="bbox 566 589 2188 643">
    <p class='ocr_par' dir='ltr' id='par_1_6' title="bbox 566 589 2188 643">
     <span class='ocr_line' id='line_1_19' title="bbox 566 589 2188 643; baseline -0.001 -7"><span class='ocrx_word' id='word_1_29' title='bbox 566 606 735 637; x_wconf 83' lang='lat' dir='ltr'>Elezione</span> <span class='ocrx_word' id='word_1_30' title='bbox 761 606 796 635; x_wconf 92' lang='lat' dir='ltr'>di</span> <span class='ocrx_word' id='word_1_31' title='bbox 821 605 946 635; x_wconf 83' lang='lat' dir='ltr'>arbitri</span> <span class='ocrx_word' id='word_1_32' title='bbox 969 613 1031 643; x_wconf 86' lang='lat' dir='ltr'>per</span> <span class='ocrx_word' id='word_1_33' title='bbox 1064 603 1226 633; x_wconf 76' lang='lat' dir='ltr'>stabilire</span> <span class='ocrx_word' id='word_1_34' title='bbox 1250 602 1275 632; x_wconf 86' lang='lat' dir='ltr'>il</span> <span class='ocrx_word' id='word_1_35' title='bbox 1298 610 1431 641; x_wconf 82' lang='lat' dir='ltr'>prezzo</span> <span class='ocrx_word' id='word_1_36' title='bbox 1455 602 1491 632; x_wconf 86' lang='lat' dir='ltr'>di</span> <span class='ocrx_word' id='word_1_37' title='bbox 1515 602 1642 633; x_wconf 73' lang='lat' dir='ltr'>alcune</span> <span class='ocrx_word' id='word_1_38' title='bbox 1666 610 1752 633; x_wconf 74' lang='lat' dir='ltr'>case</span> <span class='ocrx_word' id='word_1_39' title='bbox 1775 601 1822 632; x_wconf 77' lang='lat' dir='ltr'>da</span> <span class='ocrx_word' id='word_1_40' title='bbox 1845 589 2067 642; x_wconf 58' lang='lat' dir='ltr'>competat-i</span> <span class='ocrx_word' id='word_1_41' title='bbox 2089 602 2188 642; x_wconf 63' lang='lat' dir='ltr'>dagli</span> 
     </span>
    </p>
   </div>
   <div class='ocr_carea' id='block_1_7' title="bbox 482 660 1631 740">
    <p class='ocr_par' dir='ltr' id='par_1_7' title="bbox 482 660 1631 740">
     <span class='ocr_line' id='line_1_20' title="bbox 482 660 619 690; baseline 0 0"><span class='ocrx_word' id='word_1_42' title='bbox 482 660 619 690; x_wconf 80' lang='lat' dir='ltr'>mitani.</span> 
     </span>
     <span class='ocr_line' id='line_1_21' title="bbox 1153 707 1631 740; baseline 0 -6"><span class='ocrx_word' id='word_1_43' title='bbox 1153 707 1310 740; x_wconf 74' lang='lat'>1398,</span> <span class='ocrx_word' id='word_1_44' title='bbox 1328 707 1532 740; x_wconf 71' lang='lat' dir='ltr'>aprile,</span> <span class='ocrx_word' id='word_1_45' title='bbox 1551 707 1631 734; x_wconf 80' lang='lat'>19.</span> 
     </span>
    </p>
   </div>
   <div class='ocr_carea' id='block_1_8' title="bbox 1024 786 1748 812">
    <p class='ocr_par' dir='ltr' id='par_1_8' title="bbox 1024 786 1748 812">
     <span class='ocr_line' id='line_1_22' title="bbox 1024 786 1748 812; baseline 0 -2"><span class='ocrx_word' id='word_1_46' title='bbox 1024 787 1101 812; x_wconf 75' lang='lat' dir='ltr'>(Arch.</span> <span class='ocrx_word' id='word_1_47' title='bbox 1117 787 1221 810; x_wconf 80' lang='lat' dir='ltr'>Notarile</span> <span class='ocrx_word' id='word_1_48' title='bbox 1236 787 1258 809; x_wconf 89' lang='lat' dir='ltr'>di</span> <span class='ocrx_word' id='word_1_49' title='bbox 1275 787 1346 809; x_wconf 76' lang='lat' dir='ltr'>Pavia</span> <span class='ocrx_word' id='word_1_50' title='bbox 1360 797 1387 802; x_wconf 91' lang='lat'><em>—</em></span> <span class='ocrx_word' id='word_1_51' title='bbox 1401 786 1450 809; x_wconf 78' lang='lat' dir='ltr'>Atii</span> <span class='ocrx_word' id='word_1_52' title='bbox 1465 786 1488 809; x_wconf 85' lang='lat' dir='ltr'>dl</span> <span class='ocrx_word' id='word_1_53' title='bbox 1502 786 1623 809; x_wconf 72' lang='lat' dir='ltr'>simonlno</span> <span class='ocrx_word' id='word_1_54' title='bbox 1638 786 1748 810; x_wconf 77' lang='grc' dir='ltr'>Ριῐοιιι).</span> 
     </span>
    </p>
   </div>
   <div class='ocr_carea' id='block_1_9' title="bbox 471 898 2233 2776">
    <p class='ocr_par' dir='ltr' id='par_1_9' title="bbox 493 898 2228 1031">
     <span class='ocr_line' id='line_1_23' title="bbox 493 898 2228 973; baseline 0.002 -15"><span class='ocrx_word' id='word_1_55' title='bbox 493 898 496 973; x_wconf 52' lang='lat' dir='ltr'><strong>f</strong></span> <span class='ocrx_word' id='word_1_56' title='bbox 718 907 998 967; x_wconf 29' lang='lat' dir='ltr'>JCCCLxxxxvnu</span> <span class='ocrx_word' id='word_1_57' title='bbox 1030 924 1085 956; x_wconf 86' lang='lat' dir='ltr'>die</span> <span class='ocrx_word' id='word_1_58' title='bbox 1109 923 1334 956; x_wconf 89' lang='lat' dir='ltr'>decimonono</span> <span class='ocrx_word' id='word_1_59' title='bbox 1370 922 1497 956; x_wconf 85' lang='lat' dir='ltr'>mensis</span> <span class='ocrx_word' id='word_1_60' title='bbox 1532 922 1662 966; x_wconf 77' lang='lat' dir='ltr'>aprilis,</span> <span class='ocrx_word' id='word_1_61' title='bbox 1688 923 1770 956; x_wconf 86' lang='lat' dir='ltr'>hora</span> <span class='ocrx_word' id='word_1_62' title='bbox 1806 923 1983 967; x_wconf 85' lang='lat' dir='ltr'>vigesima.</span> <span class='ocrx_word' id='word_1_63' title='bbox 2006 922 2150 969; x_wconf 78' lang='lat' dir='ltr'>Testes:</span> <span class='ocrx_word' id='word_1_64' title='bbox 2174 924 2228 962; x_wconf 79' lang='lat' dir='ltr'>ete</span> 
     </span>
     <span class='ocr_line' id='line_1_24' title="bbox 493 913 2213 1031; baseline 0.002 -11"><span class='ocrx_word' id='word_1_65' title='bbox 493 976 495 993; x_wconf 64' lang='lat'>¹</span> <span class='ocrx_word' id='word_1_66' title='bbox 531 913 680 1031; x_wconf 82' lang='lat' dir='ltr'>M</span> <span class='ocrx_word' id='word_1_67' title='bbox 718 978 719 987; x_wconf 53' lang='lat'>³</span> <span class='ocrx_word' id='word_1_68' title='bbox 718 986 863 1029; x_wconf 86' lang='lat' dir='ltr'>Papia,</span> <span class='ocrx_word' id='word_1_69' title='bbox 881 982 1040 1019; x_wconf 91' lang='lat' dir='ltr'>videlicet</span> <span class='ocrx_word' id='word_1_70' title='bbox 1065 987 1097 1018; x_wconf 90' lang='lat' dir='ltr'>in</span> <span class='ocrx_word' id='word_1_71' title='bbox 1122 984 1300 1025; x_wconf 87' lang='lat' dir='ltr'>Citadella,</span> <span class='ocrx_word' id='word_1_72' title='bbox 1323 986 1355 1018; x_wconf 89' lang='lat' dir='ltr'>in</span> <span class='ocrx_word' id='word_1_73' title='bbox 1379 985 1535 1019; x_wconf 86' lang='lat' dir='ltr'>sacristia</span> <span class='ocrx_word' id='word_1_74' title='bbox 1560 985 1853 1028; x_wconf 84' lang='lat' dir='ltr'>infrascriptorum</span> <span class='ocrx_word' id='word_1_75' title='bbox 1877 985 2016 1022; x_wconf 76' lang='lat' dir='ltr'><strong>fratrum</strong></span> <span class='ocrx_word' id='word_1_76' title='bbox 2041 985 2158 1022; x_wconf 79' lang='lat' dir='ltr'>Sancti</span> <span class='ocrx_word' id='word_1_77' title='bbox 2181 986 2213 1023; x_wconf 77' lang='lat' dir='ltr'>A</span> 
     </span>
    </p>

    <p class='ocr_par' dir='ltr' id='par_1_10' title="bbox 471 1047 2233 2776">
     <span class='ocr_line' id='line_1_25' title="bbox 536 1047 2233 1090; baseline 0.001 -8"><span class='ocrx_word' id='word_1_78' title='bbox 536 1086 576 1088; x_wconf 38' lang='lat' dir='ltr'><strong>w</strong></span> <span class='ocrx_word' id='word_1_79' title='bbox 745 1050 834 1089; x_wconf 86' lang='lat' dir='ltr'>stini,</span> <span class='ocrx_word' id='word_1_80' title='bbox 860 1050 924 1082; x_wconf 86' lang='lat' dir='ltr'>sita</span> <span class='ocrx_word' id='word_1_81' title='bbox 949 1050 981 1081; x_wconf 90' lang='lat' dir='ltr'>in</span> <span class='ocrx_word' id='word_1_82' title='bbox 1007 1048 1108 1082; x_wconf 84' lang='lat' dir='ltr'>Porta</span> <span class='ocrx_word' id='word_1_83' title='bbox 1132 1048 1259 1082; x_wconf 87' lang='lat' dir='ltr'>Palacii</span> <span class='ocrx_word' id='word_1_84' title='bbox 1286 1049 1318 1081; x_wconf 92' lang='lat' dir='ltr'>in</span> <span class='ocrx_word' id='word_1_85' title='bbox 1343 1049 1504 1090; x_wconf 89' lang='lat' dir='ltr'>parochia</span> <span class='ocrx_word' id='word_1_86' title='bbox 1529 1049 1639 1082; x_wconf 87' lang='lat' dir='ltr'>sancti</span> <span class='ocrx_word' id='word_1_87' title='bbox 1664 1047 1810 1082; x_wconf 88' lang='lat' dir='ltr'>Andree.</span> <span class='ocrx_word' id='word_1_88' title='bbox 1835 1047 2006 1089; x_wconf 84' lang='lat' dir='ltr'><strong>Quoniam</strong></span> <span class='ocrx_word' id='word_1_89' title='bbox 2041 1048 2233 1089; x_wconf 75' lang='lat' dir='ltr'>lacominus</span> 
     </span>
     <span class='ocr_line' id='line_1_26' title="bbox 478 1109 2224 1154; baseline 0.002 -10"><span class='ocrx_word' id='word_1_90' title='bbox 478 1112 676 1145; x_wconf 79' lang='lat' dir='ltr'>Fiambertis</span> <span class='ocrx_word' id='word_1_91' title='bbox 711 1112 801 1145; x_wconf 84' lang='lat' dir='ltr'>filius</span> <span class='ocrx_word' id='word_1_92' title='bbox 837 1112 1009 1153; x_wconf 89' lang='lat' dir='ltr'>quondam</span> <span class='ocrx_word' id='word_1_93' title='bbox 1035 1110 1226 1150; x_wconf 84' lang='lat' dir='ltr'>Rolandini,</span> <span class='ocrx_word' id='word_1_94' title='bbox 1251 1119 1315 1144; x_wconf 93' lang='lat' dir='ltr'>suo</span> <span class='ocrx_word' id='word_1_95' title='bbox 1340 1112 1372 1144; x_wconf 88' lang='lat' dir='ltr'>et</span> <span class='ocrx_word' id='word_1_96' title='bbox 1396 1111 1532 1144; x_wconf 88' lang='lat' dir='ltr'>nomine</span> <span class='ocrx_word' id='word_1_97' title='bbox 1567 1110 1731 1144; x_wconf 85' lang='lat' dir='ltr'>heredum</span> <span class='ocrx_word' id='word_1_98' title='bbox 1767 1111 1942 1154; x_wconf 90' lang='lat' dir='ltr'>quondam</span> <span class='ocrx_word' id='word_1_99' title='bbox 1977 1111 2107 1146; x_wconf 86' lang='lat' dir='ltr'>domini</span> <span class='ocrx_word' id='word_1_100' title='bbox 2132 1109 2224 1152; x_wconf 73' lang='lat' dir='ltr'>Petri</span> 
     </span>
     <span class='ocr_line' id='line_1_27' title="bbox 477 1166 2221 1216; baseline 0.001 -9"><span class='ocrx_word' id='word_1_101' title='bbox 477 1174 708 1207; x_wconf 85' lang='lat' dir='ltr'>Fiambertis...</span> <span class='ocrx_word' id='word_1_102' title='bbox 735 1174 885 1207; x_wconf 85' lang='lat' dir='ltr'>intendat</span> <span class='ocrx_word' id='word_1_103' title='bbox 910 1174 1056 1207; x_wconf 89' lang='lat' dir='ltr'>vendere</span> <span class='ocrx_word' id='word_1_104' title='bbox 1081 1172 1242 1216; x_wconf 90' lang='lat' dir='ltr'>Capitulo</span> <span class='ocrx_word' id='word_1_105' title='bbox 1266 1175 1299 1207; x_wconf 90' lang='lat' dir='ltr'>et</span> <span class='ocrx_word' id='word_1_106' title='bbox 1324 1171 1516 1207; x_wconf 90' lang='lat' dir='ltr'>Conventui</span> <span class='ocrx_word' id='word_1_107' title='bbox 1541 1173 1680 1207; x_wconf 80' lang='lat' dir='ltr'>fratrum</span> <span class='ocrx_word' id='word_1_108' title='bbox 1706 1173 1952 1212; x_wconf 80' lang='lat' dir='ltr'>l-leremitarum</span> <span class='ocrx_word' id='word_1_109' title='bbox 1976 1172 2092 1209; x_wconf 79' lang='lat' dir='ltr'>Sancti</span> <span class='ocrx_word' id='word_1_110' title='bbox 2116 1173 2146 1208; x_wconf 93' lang='lat' dir='ltr'>A</span> <span class='ocrx_word' id='word_1_111' title='bbox 2179 1189 2185 1197; x_wconf 91' lang='lat'><strong>·</strong></span> <span class='ocrx_word' id='word_1_112' title='bbox 2219 1166 2221 1168; x_wconf 5' lang='grc' dir='ltr'>μ</span> 
     </span>
     <span class='ocr_line' id='line_1_28' title="bbox 477 1236 2175 1281; baseline 0.001 -11"><span class='ocrx_word' id='word_1_113' title='bbox 477 1238 550 1270; x_wconf 91' lang='lat' dir='ltr'>sive</span> <span class='ocrx_word' id='word_1_114' title='bbox 574 1238 675 1270; x_wconf 86' lang='lat' dir='ltr'>dietis</span> <span class='ocrx_word' id='word_1_115' title='bbox 700 1237 860 1270; x_wconf 80' lang='lat' dir='ltr'>tratribus</span> <span class='ocrx_word' id='word_1_116' title='bbox 886 1238 1020 1269; x_wconf 89' lang='lat' dir='ltr'>nomine</span> <span class='ocrx_word' id='word_1_117' title='bbox 1045 1237 1134 1269; x_wconf 91' lang='lat' dir='ltr'>dicte</span> <span class='ocrx_word' id='word_1_118' title='bbox 1158 1236 1314 1275; x_wconf 83' lang='lat' dir='ltr'>ecclesie,</span> <span class='ocrx_word' id='word_1_119' title='bbox 1332 1245 1452 1269; x_wconf 90' lang='lat' dir='ltr'>omnes</span> <span class='ocrx_word' id='word_1_120' title='bbox 1477 1236 1552 1269; x_wconf 91' lang='lat' dir='ltr'>illas</span> <span class='ocrx_word' id='word_1_121' title='bbox 1578 1236 1711 1276; x_wconf 90' lang='lat' dir='ltr'>domos,</span> <span class='ocrx_word' id='word_1_122' title='bbox 1729 1237 1898 1271; x_wconf 88' lang='lat' dir='ltr'>sedimina</span> <span class='ocrx_word' id='word_1_123' title='bbox 1922 1239 1955 1271; x_wconf 90' lang='lat' dir='ltr'>et</span> <span class='ocrx_word' id='word_1_124' title='bbox 1978 1237 2113 1272; x_wconf 84' lang='lat' dir='ltr'>edificia</span> <span class='ocrx_word' id='word_1_125' title='bbox 2128 1246 2175 1281; x_wconf 88' lang='lat' dir='ltr'>qu</span> 
     </span>
     <span class='ocr_line' id='line_1_29' title="bbox 476 1283 2154 1343; baseline 0.002 -12"><span class='ocrx_word' id='word_1_126' title='bbox 476 1300 785 1341; x_wconf 86' lang='lat' dir='ltr'>suprascriptorum</span> <span class='ocrx_word' id='word_1_127' title='bbox 811 1299 970 1332; x_wconf 88' lang='lat' dir='ltr'>lacomini</span> <span class='ocrx_word' id='word_1_128' title='bbox 995 1283 1246 1332; x_wconf 74' lang='lat' dir='ltr'>etheredum...</span> <span class='ocrx_word' id='word_1_129' title='bbox 1273 1299 1385 1340; x_wconf 88' lang='lat' dir='ltr'>posita</span> <span class='ocrx_word' id='word_1_130' title='bbox 1409 1300 1441 1332; x_wconf 88' lang='lat' dir='ltr'>et</span> <span class='ocrx_word' id='word_1_131' title='bbox 1464 1298 1612 1341; x_wconf 88' lang='lat' dir='ltr'>jacentia</span> <span class='ocrx_word' id='word_1_132' title='bbox 1637 1299 1670 1331; x_wconf 91' lang='lat' dir='ltr'>in</span> <span class='ocrx_word' id='word_1_133' title='bbox 1688 1297 1857 1333; x_wconf 85' lang='lat' dir='ltr'>Citadella</span> <span class='ocrx_word' id='word_1_134' title='bbox 1879 1298 1998 1342; x_wconf 86' lang='lat' dir='ltr'>Papie,</span> <span class='ocrx_word' id='word_1_135' title='bbox 2014 1308 2083 1343; x_wconf 88' lang='lat' dir='ltr'>que</span> <span class='ocrx_word' id='word_1_136' title='bbox 2106 1299 2154 1334; x_wconf 86' lang='lat' dir='ltr'>du</span> 
     </span>
     <span class='ocr_line' id='line_1_30' title="bbox 476 1360 2161 1403; baseline 0.001 -9"><span class='ocrx_word' id='word_1_137' title='bbox 476 1362 622 1403; x_wconf 89' lang='lat' dir='ltr'>introytu</span> <span class='ocrx_word' id='word_1_138' title='bbox 648 1364 743 1403; x_wconf 88' lang='lat' dir='ltr'>porte</span> <span class='ocrx_word' id='word_1_139' title='bbox 767 1371 924 1394; x_wconf 88' lang='lat' dir='ltr'>curruum</span> <span class='ocrx_word' id='word_1_140' title='bbox 950 1362 1259 1403; x_wconf 88' lang='lat' dir='ltr'>suprascriptorum</span> <span class='ocrx_word' id='word_1_141' title='bbox 1276 1361 1414 1394; x_wconf 80' lang='lat' dir='ltr'><strong>fratrum</strong></span> <span class='ocrx_word' id='word_1_142' title='bbox 1441 1370 1551 1403; x_wconf 88' lang='lat' dir='ltr'>usque</span> <span class='ocrx_word' id='word_1_143' title='bbox 1575 1361 1619 1394; x_wconf 90' lang='lat' dir='ltr'>ad</span> <span class='ocrx_word' id='word_1_144' title='bbox 1637 1360 1867 1403; x_wconf 83' lang='lat' dir='ltr'>lnfirmeriam‚</span> <span class='ocrx_word' id='word_1_145' title='bbox 1883 1361 2028 1396; x_wconf 82' lang='lat' dir='ltr'>exclusa</span> <span class='ocrx_word' id='word_1_146' title='bbox 2042 1362 2161 1396; x_wconf 85' lang='lat' dir='ltr'>dictai</span> 
     </span>
     <span class='ocr_line' id='line_1_31' title="bbox 476 1422 2184 1467; baseline 0.002 -11"><span class='ocrx_word' id='word_1_147' title='bbox 476 1424 524 1456; x_wconf 88' lang='lat' dir='ltr'>ria</span> <span class='ocrx_word' id='word_1_148' title='bbox 548 1426 580 1456; x_wconf 89' lang='lat' dir='ltr'>et</span> <span class='ocrx_word' id='word_1_149' title='bbox 604 1424 705 1456; x_wconf 91' lang='lat' dir='ltr'>domo</span> <span class='ocrx_word' id='word_1_150' title='bbox 730 1424 857 1456; x_wconf 92' lang='lat' dir='ltr'>domini</span> <span class='ocrx_word' id='word_1_151' title='bbox 889 1424 1001 1456; x_wconf 82' lang='lat' dir='ltr'>fratris</span> <span class='ocrx_word' id='word_1_152' title='bbox 1025 1423 1159 1456; x_wconf 89' lang='lat' dir='ltr'>Andree</span> <span class='ocrx_word' id='word_1_153' title='bbox 1183 1424 1226 1456; x_wconf 90' lang='lat' dir='ltr'>de</span> <span class='ocrx_word' id='word_1_154' title='bbox 1262 1422 1462 1463; x_wconf 85' lang='lat' dir='ltr'>Zavatariis,</span> <span class='ocrx_word' id='word_1_155' title='bbox 1487 1423 1614 1465; x_wconf 88' lang='lat' dir='ltr'>quibus</span> <span class='ocrx_word' id='word_1_156' title='bbox 1650 1423 1788 1458; x_wconf 90' lang='lat' dir='ltr'>choeret</span> <span class='ocrx_word' id='word_1_157' title='bbox 1811 1424 1856 1458; x_wconf 92' lang='lat' dir='ltr'>ab</span> <span class='ocrx_word' id='word_1_158' title='bbox 1881 1433 1948 1458; x_wconf 88' lang='lat' dir='ltr'>una</span> <span class='ocrx_word' id='word_1_159' title='bbox 1982 1426 2079 1467; x_wconf 83' lang='lat' dir='ltr'>parte</span> <span class='ocrx_word' id='word_1_160' title='bbox 2113 1426 2184 1460; x_wconf 75' lang='lat' dir='ltr'>stra</span> 
     </span>
     <span class='ocr_line' id='line_1_32' title="bbox 475 1485 2159 1528; baseline 0.002 -10"><span class='ocrx_word' id='word_1_161' title='bbox 475 1486 550 1518; x_wconf 88' lang='lat' dir='ltr'>aliis</span> <span class='ocrx_word' id='word_1_162' title='bbox 587 1486 740 1527; x_wconf 83' lang='lat' dir='ltr'>partibus</span> <span class='ocrx_word' id='word_1_163' title='bbox 776 1486 999 1528; x_wconf 81' lang='lat' dir='ltr'>suprascripti</span> <span class='ocrx_word' id='word_1_164' title='bbox 1036 1485 1166 1525; x_wconf 85' lang='lat' dir='ltr'>fratres,</span> <span class='ocrx_word' id='word_1_165' title='bbox 1191 1486 1265 1518; x_wconf 91' lang='lat' dir='ltr'>sive</span> <span class='ocrx_word' id='word_1_166' title='bbox 1290 1485 1369 1527; x_wconf 90' lang='lat' dir='ltr'>plus</span> <span class='ocrx_word' id='word_1_167' title='bbox 1393 1485 1447 1519; x_wconf 92' lang='lat' dir='ltr'>vel</span> <span class='ocrx_word' id='word_1_168' title='bbox 1473 1486 1586 1519; x_wconf 88' lang='lat' dir='ltr'>minus</span> <span class='ocrx_word' id='word_1_169' title='bbox 1610 1485 1688 1519; x_wconf 86' lang='lat' dir='ltr'>allie</span> <span class='ocrx_word' id='word_1_170' title='bbox 1712 1485 1765 1519; x_wconf 93' lang='lat' dir='ltr'>vel</span> <span class='ocrx_word' id='word_1_171' title='bbox 1790 1486 1888 1520; x_wconf 87' lang='lat' dir='ltr'>aliter</span> <span class='ocrx_word' id='word_1_172' title='bbox 1922 1486 1991 1520; x_wconf 80' lang='lat' dir='ltr'>sint</span> <span class='ocrx_word' id='word_1_173' title='bbox 2014 1486 2159 1521; x_wconf 85' lang='lat' dir='ltr'>coheren</span> 
     </span>
     <span class='ocr_line' id='line_1_33' title="bbox 475 1547 2152 1592; baseline 0.002 -12"><span class='ocrx_word' id='word_1_174' title='bbox 475 1549 539 1590; x_wconf 88' lang='lat' dir='ltr'>ipsi</span> <span class='ocrx_word' id='word_1_175' title='bbox 565 1549 695 1588; x_wconf 85' lang='lat' dir='ltr'>tratres,</span> <span class='ocrx_word' id='word_1_176' title='bbox 713 1547 907 1590; x_wconf 85' lang='lat' dir='ltr'>Capitulum</span> <span class='ocrx_word' id='word_1_177' title='bbox 923 1550 954 1582; x_wconf 92' lang='lat' dir='ltr'>et</span> <span class='ocrx_word' id='word_1_178' title='bbox 971 1547 1171 1582; x_wconf 84' lang='lat' dir='ltr'>Conventus</span> <span class='ocrx_word' id='word_1_179' title='bbox 1193 1549 1260 1582; x_wconf 91' lang='lat' dir='ltr'>sint</span> <span class='ocrx_word' id='word_1_180' title='bbox 1277 1549 1426 1582; x_wconf 87' lang='lat' dir='ltr'>contenti</span> <span class='ocrx_word' id='word_1_181' title='bbox 1451 1557 1562 1582; x_wconf 91' lang='lat' dir='ltr'>emere</span> <span class='ocrx_word' id='word_1_182' title='bbox 1580 1557 1642 1591; x_wconf 89' lang='lat' dir='ltr'>pro</span> <span class='ocrx_word' id='word_1_183' title='bbox 1659 1557 1700 1582; x_wconf 94' lang='lat' dir='ltr'>eo</span> <span class='ocrx_word' id='word_1_184' title='bbox 1724 1549 1840 1591; x_wconf 89' lang='lat' dir='ltr'>precio</span> <span class='ocrx_word' id='word_1_185' title='bbox 1865 1549 1940 1583; x_wconf 89' lang='lat' dir='ltr'>sive</span> <span class='ocrx_word' id='word_1_186' title='bbox 1957 1549 2082 1592; x_wconf 85' lang='lat' dir='ltr'>preciis</span> <span class='ocrx_word' id='word_1_187' title='bbox 2098 1549 2152 1584; x_wconf 86' lang='lat' dir='ltr'>vel</span> 
     </span>
     <span class='ocr_line' id='line_1_34' title="bbox 475 1610 2168 1653; baseline 0.002 -10"><span class='ocrx_word' id='word_1_188' title='bbox 475 1620 536 1652; x_wconf 94' lang='lat' dir='ltr'>pro</span> <span class='ocrx_word' id='word_1_189' title='bbox 560 1620 628 1652; x_wconf 86' lang='lat' dir='ltr'>quo</span> <span class='ocrx_word' id='word_1_190' title='bbox 653 1612 726 1644; x_wconf 87' lang='lat' dir='ltr'>sive</span> <span class='ocrx_word' id='word_1_191' title='bbox 752 1612 877 1653; x_wconf 88' lang='lat' dir='ltr'>quibus</span> <span class='ocrx_word' id='word_1_192' title='bbox 907 1611 1111 1652; x_wconf 79' lang='lat' dir='ltr'>infrascripti</span> <span class='ocrx_word' id='word_1_193' title='bbox 1136 1611 1252 1644; x_wconf 88' lang='lat' dir='ltr'>arbitri</span> <span class='ocrx_word' id='word_1_194' title='bbox 1276 1613 1309 1644; x_wconf 90' lang='lat' dir='ltr'>et</span> <span class='ocrx_word' id='word_1_195' title='bbox 1332 1611 1552 1644; x_wconf 85' lang='lat' dir='ltr'>arbitratores</span> <span class='ocrx_word' id='word_1_196' title='bbox 1576 1610 1688 1644; x_wconf 89' lang='lat' dir='ltr'>ellecti</span> <span class='ocrx_word' id='word_1_197' title='bbox 1713 1613 1750 1644; x_wconf 91' lang='lat' dir='ltr'>ut</span> <span class='ocrx_word' id='word_1_198' title='bbox 1766 1611 1852 1645; x_wconf 78' lang='lat' dir='ltr'>infra</span> <span class='ocrx_word' id='word_1_199' title='bbox 1876 1612 2091 1646; x_wconf 73' lang='lat' dir='ltr'>extimabant</span> <span class='ocrx_word' id='word_1_200' title='bbox 2105 1620 2168 1647; x_wconf 82' lang='lat' dir='ltr'>seu</span> 
     </span>
     <span class='ocr_line' id='line_1_35' title="bbox 475 1673 2157 1718; baseline 0.002 -13"><span class='ocrx_word' id='word_1_201' title='bbox 475 1674 597 1706; x_wconf 76' lang='lat' dir='ltr'>tabunt</span> <span class='ocrx_word' id='word_1_202' title='bbox 621 1673 745 1706; x_wconf 78' lang='lat' dir='ltr'>vallese</span> <span class='ocrx_word' id='word_1_203' title='bbox 762 1675 793 1706; x_wconf 88' lang='lat' dir='ltr'>et</span> <span class='ocrx_word' id='word_1_204' title='bbox 810 1682 886 1706; x_wconf 89' lang='lat' dir='ltr'>esse</span> <span class='ocrx_word' id='word_1_205' title='bbox 912 1673 1062 1713; x_wconf 86' lang='lat' dir='ltr'>valloris,</span> <span class='ocrx_word' id='word_1_206' title='bbox 1078 1673 1265 1706; x_wconf 89' lang='lat' dir='ltr'>dummodo</span> <span class='ocrx_word' id='word_1_207' title='bbox 1289 1673 1454 1715; x_wconf 90' lang='lat' dir='ltr'>procedat</span> <span class='ocrx_word' id='word_1_208' title='bbox 1478 1674 1520 1706; x_wconf 91' lang='lat' dir='ltr'>de</span> <span class='ocrx_word' id='word_1_209' title='bbox 1545 1673 1762 1716; x_wconf 88' lang='lat' dir='ltr'>beneplacito</span> <span class='ocrx_word' id='word_1_210' title='bbox 1779 1675 2012 1708; x_wconf 86' lang='lat' dir='ltr'>et-voluntate</span> <span class='ocrx_word' id='word_1_211' title='bbox 2035 1674 2157 1718; x_wconf 83' lang='lat' dir='ltr'>illustri</span> 
     </span>
     <span class='ocr_line' id='line_1_36' title="bbox 473 1732 2171 1778; baseline 0.002 -10"><span class='ocrx_word' id='word_1_212' title='bbox 473 1736 561 1777; x_wconf 86' lang='lat' dir='ltr'>cipis</span> <span class='ocrx_word' id='word_1_213' title='bbox 586 1745 625 1769; x_wconf 87' lang='lat' dir='ltr'>ac</span> <span class='ocrx_word' id='word_1_214' title='bbox 650 1736 818 1778; x_wconf 83' lang='lat' dir='ltr'>magnifici</span> <span class='ocrx_word' id='word_1_215' title='bbox 843 1737 876 1768; x_wconf 89' lang='lat' dir='ltr'>et</span> <span class='ocrx_word' id='word_1_216' title='bbox 900 1735 1028 1768; x_wconf 89' lang='lat' dir='ltr'>excelsi</span> <span class='ocrx_word' id='word_1_217' title='bbox 1054 1736 1181 1768; x_wconf 90' lang='lat' dir='ltr'>domini</span> <span class='ocrx_word' id='word_1_218' title='bbox 1215 1735 1351 1768; x_wconf 88' lang='lat' dir='ltr'>Domini</span> <span class='ocrx_word' id='word_1_219' title='bbox 1377 1736 1484 1769; x_wconf 84' lang='lat' dir='ltr'>nostri</span> <span class='ocrx_word' id='word_1_220' title='bbox 1510 1738 1545 1769; x_wconf 91' lang='lat' dir='ltr'>ut</span> <span class='ocrx_word' id='word_1_221' title='bbox 1570 1735 1655 1770; x_wconf 78' lang='lat' dir='ltr'>infra</span> <span class='ocrx_word' id='word_1_222' title='bbox 1678 1737 1716 1769; x_wconf 80' lang='lat' dir='ltr'>fit</span> <span class='ocrx_word' id='word_1_223' title='bbox 1739 1737 1893 1770; x_wconf 89' lang='lat' dir='ltr'>mencio:</span> <span class='ocrx_word' id='word_1_224' title='bbox 1918 1732 2072 1771; x_wconf 78' lang='lat' dir='ltr'>idcircllo</span> <span class='ocrx_word' id='word_1_225' title='bbox 2106 1745 2171 1771; x_wconf 79' lang='lat' dir='ltr'>con</span> 
     </span>
     <span class='ocr_line' id='line_1_37' title="bbox 473 1787 2211 1842; baseline 0.002 -12"><span class='ocrx_word' id='word_1_226' title='bbox 473 1800 506 1831; x_wconf 90' lang='lat' dir='ltr'>et</span> <span class='ocrx_word' id='word_1_227' title='bbox 530 1800 735 1840; x_wconf 87' lang='lat' dir='ltr'>congregato</span> <span class='ocrx_word' id='word_1_228' title='bbox 760 1797 920 1840; x_wconf 85' lang='lat' dir='ltr'>Capitulo</span> <span class='ocrx_word' id='word_1_229' title='bbox 945 1800 976 1831; x_wconf 92' lang='lat' dir='ltr'>et</span> <span class='ocrx_word' id='word_1_230' title='bbox 1001 1799 1171 1831; x_wconf 91' lang='lat' dir='ltr'>conventu</span> <span class='ocrx_word' id='word_1_231' title='bbox 1196 1798 1335 1831; x_wconf 86' lang='lat' dir='ltr'>fratrum</span> <span class='ocrx_word' id='word_1_232' title='bbox 1369 1798 1615 1832; x_wconf 87' lang='lat' dir='ltr'>Heremitarum</span> <span class='ocrx_word' id='word_1_233' title='bbox 1639 1797 1755 1833; x_wconf 89' lang='lat' dir='ltr'>Sancti</span> <span class='ocrx_word' id='word_1_234' title='bbox 1781 1798 1964 1842; x_wconf 87' lang='lat' dir='ltr'>Augustini</span> <span class='ocrx_word' id='word_1_235' title='bbox 1988 1787 2179 1842; x_wconf 77' lang='lat' dir='ltr'>papiensis,</span> <span class='ocrx_word' id='word_1_236' title='bbox 2205 1840 2211 1842; x_wconf 11' lang='grc' dir='ltr'><strong><em>ἢ</em></strong></span> 
     </span>
     <span class='ocr_line' id='line_1_38' title="bbox 473 1855 2221 1905; baseline 0 -12"><span class='ocrx_word' id='word_1_237' title='bbox 473 1861 553 1894; x_wconf 87' lang='lat' dir='ltr'>dato</span> <span class='ocrx_word' id='word_1_238' title='bbox 577 1861 781 1894; x_wconf 87' lang='lat' dir='ltr'>venerabilis</span> <span class='ocrx_word' id='word_1_239' title='bbox 805 1863 838 1894; x_wconf 91' lang='lat' dir='ltr'>et</span> <span class='ocrx_word' id='word_1_240' title='bbox 862 1861 1010 1903; x_wconf 89' lang='lat' dir='ltr'>religiosi</span> <span class='ocrx_word' id='word_1_241' title='bbox 1037 1862 1098 1894; x_wconf 90' lang='lat' dir='ltr'>viri</span> <span class='ocrx_word' id='word_1_242' title='bbox 1124 1861 1252 1894; x_wconf 90' lang='lat' dir='ltr'>domini</span> <span class='ocrx_word' id='word_1_243' title='bbox 1278 1862 1430 1904; x_wconf 88' lang='lat' dir='ltr'>magistri</span> <span class='ocrx_word' id='word_1_244' title='bbox 1459 1861 1628 1895; x_wconf 92' lang='lat' dir='ltr'>Dominici</span> <span class='ocrx_word' id='word_1_245' title='bbox 1653 1862 1696 1895; x_wconf 93' lang='lat' dir='ltr'>de</span> <span class='ocrx_word' id='word_1_246' title='bbox 1722 1862 1871 1895; x_wconf 85' lang='lat' dir='ltr'>Forlivio</span> <span class='ocrx_word' id='word_1_247' title='bbox 1906 1863 2030 1905; x_wconf 87' lang='lat' dir='ltr'>prioris</span> <span class='ocrx_word' id='word_1_248' title='bbox 2064 1855 2221 1896; x_wconf 69' lang='lat' dir='ltr'>infra⁵</span> 
     </span>
     <span class='ocr_line' id='line_1_39' title="bbox 474 1921 2225 1968; baseline 0.002 -12"><span class='ocrx_word' id='word_1_249' title='bbox 474 1933 545 1956; x_wconf 88' lang='lat' dir='ltr'>rum</span> <span class='ocrx_word' id='word_1_250' title='bbox 581 1923 718 1956; x_wconf 64' lang='lat' dir='ltr'>flatrum</span> <span class='ocrx_word' id='word_1_251' title='bbox 757 1923 1001 1957; x_wconf 86' lang='lat' dir='ltr'>Heremitarum</span> <span class='ocrx_word' id='word_1_252' title='bbox 1026 1926 1058 1957; x_wconf 89' lang='lat' dir='ltr'>et</span> <span class='ocrx_word' id='word_1_253' title='bbox 1083 1922 1285 1958; x_wconf 89' lang='lat' dir='ltr'>Conventus</span> <span class='ocrx_word' id='word_1_254' title='bbox 1317 1922 1433 1958; x_wconf 91' lang='lat' dir='ltr'>Sancti</span> <span class='ocrx_word' id='word_1_255' title='bbox 1458 1921 1653 1967; x_wconf 85' lang='lat' dir='ltr'>Augustini,</span> <span class='ocrx_word' id='word_1_256' title='bbox 1678 1934 1742 1967; x_wconf 91' lang='lat' dir='ltr'>pro</span> <span class='ocrx_word' id='word_1_257' title='bbox 1766 1925 2001 1968; x_wconf 85' lang='lat' dir='ltr'>suprascripto</span> <span class='ocrx_word' id='word_1_258' title='bbox 2024 1926 2057 1959; x_wconf 92' lang='lat' dir='ltr'>et</span> <span class='ocrx_word' id='word_1_259' title='bbox 2079 1924 2180 1959; x_wconf 72' lang='lat' dir='ltr'>infr</span> <span class='ocrx_word' id='word_1_260' title='bbox 2219 1960 2225 1965; x_wconf 64' lang='grc'><strong><em>,</em></strong></span> 
     </span>
     <span class='ocr_line' id='line_1_40' title="bbox 477 1981 2223 2030; baseline 0.002 -12"><span class='ocrx_word' id='word_1_261' title='bbox 477 1987 621 2028; x_wconf 86' lang='lat' dir='ltr'>negocio</span> <span class='ocrx_word' id='word_1_262' title='bbox 646 1987 840 2027; x_wconf 89' lang='lat' dir='ltr'>specialiter</span> <span class='ocrx_word' id='word_1_263' title='bbox 865 1987 1072 2028; x_wconf 88' lang='lat' dir='ltr'>peragendo,</span> <span class='ocrx_word' id='word_1_264' title='bbox 1091 1987 1123 2019; x_wconf 90' lang='lat' dir='ltr'>in</span> <span class='ocrx_word' id='word_1_265' title='bbox 1141 1996 1210 2028; x_wconf 89' lang='lat' dir='ltr'>quo</span> <span class='ocrx_word' id='word_1_266' title='bbox 1235 1987 1386 2028; x_wconf 91' lang='lat' dir='ltr'>capitulo</span> <span class='ocrx_word' id='word_1_267' title='bbox 1410 1986 1579 2020; x_wconf 76' lang='lat' dir='ltr'>affuerunt</span> <span class='ocrx_word' id='word_1_268' title='bbox 1594 1989 1628 2020; x_wconf 90' lang='lat' dir='ltr'>et</span> <span class='ocrx_word' id='word_1_269' title='bbox 1645 1989 1725 2021; x_wconf 90' lang='lat' dir='ltr'>sunt</span> <span class='ocrx_word' id='word_1_270' title='bbox 1740 1987 1997 2030; x_wconf 85' lang='lat' dir='ltr'>suprascriptus</span> <span class='ocrx_word' id='word_1_271' title='bbox 2013 1987 2174 2023; x_wconf 82' lang='lat' dir='ltr'>dominus</span> <span class='ocrx_word' id='word_1_272' title='bbox 2220 1981 2223 1983; x_wconf 8' lang='grc' dir='ltr'>μ</span> 
     </span>
     <span class='ocr_line' id='line_1_41' title="bbox 473 2047 2164 2099; baseline 0.002 -19"><span class='ocrx_word' id='word_1_273' title='bbox 473 2049 600 2080; x_wconf 90' lang='lat' dir='ltr'>domini</span> <span class='ocrx_word' id='word_1_274' title='bbox 625 2048 725 2081; x_wconf 83' lang='lat' dir='ltr'>irater</span> <span class='ocrx_word' id='word_1_275' title='bbox 750 2048 952 2081; x_wconf 80' lang='lat' dir='ltr'>Manfredus</span> <span class='ocrx_word' id='word_1_276' title='bbox 977 2049 1018 2082; x_wconf 89' lang='lat' dir='ltr'>de</span> <span class='ocrx_word' id='word_1_277' title='bbox 1044 2047 1143 2082; x_wconf 89' lang='lat' dir='ltr'>Senis</span> <span class='ocrx_word' id='word_1_278' title='bbox 1169 2049 1396 2089; x_wconf 87' lang='lat' dir='ltr'>bachalarius,</span> <span class='ocrx_word' id='word_1_279' title='bbox 1421 2049 1523 2089; x_wconf 84' lang='lat' dir='ltr'>frater</span> <span class='ocrx_word' id='word_1_280' title='bbox 1555 2049 1775 2083; x_wconf 89' lang='lat' dir='ltr'>Lodovichus</span> <span class='ocrx_word' id='word_1_281' title='bbox 1799 2050 1843 2083; x_wconf 93' lang='lat' dir='ltr'>de</span> <span class='ocrx_word' id='word_1_282' title='bbox 1866 2049 2020 2099; x_wconf 73' lang='lat' dir='ltr'>Becaria,</span> <span class='ocrx_word' id='word_1_283' title='bbox 2048 2049 2164 2089; x_wconf 70' lang='lat' dir='ltr'>frater</span> 
     </span>
     <span class='ocr_line' id='line_1_42' title="bbox 472 2110 2155 2153; baseline 0.002 -11"><span class='ocrx_word' id='word_1_284' title='bbox 472 2111 515 2143; x_wconf 91' lang='lat' dir='ltr'>de</span> <span class='ocrx_word' id='word_1_285' title='bbox 540 2110 774 2150; x_wconf 80' lang='lat' dir='ltr'>Rustionibus,</span> <span class='ocrx_word' id='word_1_286' title='bbox 799 2111 900 2143; x_wconf 83' lang='lat' dir='ltr'>trater</span> <span class='ocrx_word' id='word_1_287' title='bbox 925 2111 1130 2144; x_wconf 87' lang='lat' dir='ltr'>Benedictus</span> <span class='ocrx_word' id='word_1_288' title='bbox 1155 2111 1197 2144; x_wconf 91' lang='lat' dir='ltr'>de</span> <span class='ocrx_word' id='word_1_289' title='bbox 1222 2111 1432 2151; x_wconf 88' lang='lat' dir='ltr'>Mediolano,</span> <span class='ocrx_word' id='word_1_290' title='bbox 1449 2111 1551 2144; x_wconf 80' lang='lat' dir='ltr'>trater</span> <span class='ocrx_word' id='word_1_291' title='bbox 1575 2111 1748 2146; x_wconf 90' lang='lat' dir='ltr'>Luchinus</span> <span class='ocrx_word' id='word_1_292' title='bbox 1771 2113 1815 2145; x_wconf 89' lang='lat' dir='ltr'>de</span> <span class='ocrx_word' id='word_1_293' title='bbox 1831 2110 2036 2153; x_wconf 84' lang='lat' dir='ltr'>Comitibus,</span> <span class='ocrx_word' id='word_1_294' title='bbox 2051 2112 2155 2146; x_wconf 80' lang='lat' dir='ltr'>irater</span> 
     </span>
     <span class='ocr_line' id='line_1_43' title="bbox 473 2172 2164 2217; baseline 0.002 -12"><span class='ocrx_word' id='word_1_295' title='bbox 473 2174 594 2205; x_wconf 86' lang='lat' dir='ltr'>niehus</span> <span class='ocrx_word' id='word_1_296' title='bbox 619 2173 660 2205; x_wconf 91' lang='lat' dir='ltr'>de</span> <span class='ocrx_word' id='word_1_297' title='bbox 697 2172 814 2214; x_wconf 83' lang='lat' dir='ltr'>Papia,</span> <span class='ocrx_word' id='word_1_298' title='bbox 839 2173 940 2206; x_wconf 83' lang='lat' dir='ltr'>trater</span> <span class='ocrx_word' id='word_1_299' title='bbox 977 2172 1170 2215; x_wconf 87' lang='lat' dir='ltr'>Stephanus</span> <span class='ocrx_word' id='word_1_300' title='bbox 1195 2174 1237 2206; x_wconf 91' lang='lat' dir='ltr'>de</span> <span class='ocrx_word' id='word_1_301' title='bbox 1263 2174 1293 2207; x_wconf 89' lang='lat' dir='ltr'>la</span> <span class='ocrx_word' id='word_1_302' title='bbox 1319 2173 1431 2213; x_wconf 85' lang='lat' dir='ltr'>Porta,</span> <span class='ocrx_word' id='word_1_303' title='bbox 1456 2174 1558 2207; x_wconf 81' lang='lat' dir='ltr'>irater</span> <span class='ocrx_word' id='word_1_304' title='bbox 1582 2173 1752 2207; x_wconf 89' lang='lat' dir='ltr'>Antonius</span> <span class='ocrx_word' id='word_1_305' title='bbox 1775 2175 1818 2208; x_wconf 92' lang='lat' dir='ltr'>de</span> <span class='ocrx_word' id='word_1_306' title='bbox 1854 2173 1973 2217; x_wconf 83' lang='lat' dir='ltr'>Regio,</span> <span class='ocrx_word' id='word_1_307' title='bbox 1995 2174 2100 2209; x_wconf 81' lang='lat' dir='ltr'>frater</span> <span class='ocrx_word' id='word_1_308' title='bbox 2126 2179 2164 2190; x_wconf 83' lang='grc'>··</span> 
     </span>
     <span class='ocr_line' id='line_1_44' title="bbox 473 2234 2165 2278; baseline 0.002 -11"><span class='ocrx_word' id='word_1_309' title='bbox 473 2235 515 2267; x_wconf 90' lang='lat' dir='ltr'>de</span> <span class='ocrx_word' id='word_1_310' title='bbox 539 2234 656 2277; x_wconf 83' lang='lat' dir='ltr'>Papia,</span> <span class='ocrx_word' id='word_1_311' title='bbox 682 2235 783 2268; x_wconf 82' lang='lat' dir='ltr'>trater</span> <span class='ocrx_word' id='word_1_312' title='bbox 806 2235 955 2268; x_wconf 89' lang='lat' dir='ltr'>Zaninus</span> <span class='ocrx_word' id='word_1_313' title='bbox 981 2237 1022 2268; x_wconf 93' lang='lat' dir='ltr'>de</span> <span class='ocrx_word' id='word_1_314' title='bbox 1048 2236 1166 2269; x_wconf 88' lang='lat' dir='ltr'>Monte</span> <span class='ocrx_word' id='word_1_315' title='bbox 1187 2236 1304 2278; x_wconf 87' lang='lat' dir='ltr'>Jocho,</span> <span class='ocrx_word' id='word_1_316' title='bbox 1321 2236 1424 2269; x_wconf 84' lang='lat' dir='ltr'>frater</span> <span class='ocrx_word' id='word_1_317' title='bbox 1447 2236 1612 2270; x_wconf 90' lang='lat' dir='ltr'>Nicolaus</span> <span class='ocrx_word' id='word_1_318' title='bbox 1635 2237 1678 2270; x_wconf 90' lang='lat' dir='ltr'>de</span> <span class='ocrx_word' id='word_1_319' title='bbox 1703 2235 1873 2270; x_wconf 87' lang='lat' dir='ltr'>Cremona</span> <span class='ocrx_word' id='word_1_320' title='bbox 1888 2234 1952 2278; x_wconf 85' lang='lat'>(1),</span> <span class='ocrx_word' id='word_1_321' title='bbox 1977 2237 2079 2271; x_wconf 83' lang='lat' dir='ltr'>frater</span> <span class='ocrx_word' id='word_1_322' title='bbox 2101 2235 2126 2271; x_wconf 87' lang='lat' dir='ltr'>S</span> <span class='ocrx_word' id='word_1_323' title='bbox 2160 2240 2165 2241; x_wconf 51' lang='lat'><em>⁷</em></span> 
     </span>
     <span class='ocr_line' id='line_1_45' title="bbox 473 2296 2131 2340; baseline 0.002 -11"><span class='ocrx_word' id='word_1_324' title='bbox 473 2296 602 2337; x_wconf 88' lang='lat' dir='ltr'>Cumis,</span> <span class='ocrx_word' id='word_1_325' title='bbox 627 2298 728 2330; x_wconf 82' lang='lat' dir='ltr'>trater</span> <span class='ocrx_word' id='word_1_326' title='bbox 754 2298 955 2331; x_wconf 85' lang='lat' dir='ltr'>Franciscus</span> <span class='ocrx_word' id='word_1_327' title='bbox 981 2299 1022 2331; x_wconf 92' lang='lat' dir='ltr'>de</span> <span class='ocrx_word' id='word_1_328' title='bbox 1049 2298 1173 2338; x_wconf 85' lang='lat' dir='ltr'>Laude,</span> <span class='ocrx_word' id='word_1_329' title='bbox 1192 2299 1294 2332; x_wconf 84' lang='lat' dir='ltr'>frater</span> <span class='ocrx_word' id='word_1_330' title='bbox 1318 2299 1490 2340; x_wconf 90' lang='lat' dir='ltr'>Mapheus</span> <span class='ocrx_word' id='word_1_331' title='bbox 1515 2299 1558 2332; x_wconf 92' lang='lat' dir='ltr'>de</span> <span class='ocrx_word' id='word_1_332' title='bbox 1583 2298 1728 2338; x_wconf 88' lang='lat' dir='ltr'>Verona,</span> <span class='ocrx_word' id='word_1_333' title='bbox 1745 2299 1848 2333; x_wconf 82' lang='lat' dir='ltr'>trater</span> <span class='ocrx_word' id='word_1_334' title='bbox 1871 2299 2063 2333; x_wconf 82' lang='lat' dir='ltr'>lacominus</span> <span class='ocrx_word' id='word_1_335' title='bbox 2087 2300 2131 2333; x_wconf 91' lang='lat' dir='ltr'>de</span> 
     </span>
     <span class='ocr_line' id='line_1_46' title="bbox 473 2360 2162 2404; baseline 0.002 -11"><span class='ocrx_word' id='word_1_336' title='bbox 473 2361 574 2394; x_wconf 82' lang='lat' dir='ltr'>frater</span> <span class='ocrx_word' id='word_1_337' title='bbox 597 2360 765 2393; x_wconf 88' lang='lat' dir='ltr'>Antonius</span> <span class='ocrx_word' id='word_1_338' title='bbox 790 2361 832 2393; x_wconf 92' lang='lat' dir='ltr'>de</span> <span class='ocrx_word' id='word_1_339' title='bbox 859 2361 1004 2400; x_wconf 89' lang='lat' dir='ltr'>Levatis‚</span> <span class='ocrx_word' id='word_1_340' title='bbox 1030 2361 1131 2394; x_wconf 83' lang='lat' dir='ltr'>trater</span> <span class='ocrx_word' id='word_1_341' title='bbox 1163 2360 1349 2404; x_wconf 89' lang='lat' dir='ltr'>Gregorius</span> <span class='ocrx_word' id='word_1_342' title='bbox 1374 2362 1416 2394; x_wconf 93' lang='lat' dir='ltr'>de</span> <span class='ocrx_word' id='word_1_343' title='bbox 1442 2360 1630 2403; x_wconf 87' lang='lat' dir='ltr'>Captaneis</span> <span class='ocrx_word' id='word_1_344' title='bbox 1646 2362 1689 2395; x_wconf 91' lang='lat' dir='ltr'>de</span> <span class='ocrx_word' id='word_1_345' title='bbox 1707 2361 1950 2402; x_wconf 81' lang='lat' dir='ltr'>Villalanterio,</span> <span class='ocrx_word' id='word_1_346' title='bbox 1973 2362 2076 2397; x_wconf 83' lang='lat' dir='ltr'>frater</span> <span class='ocrx_word' id='word_1_347' title='bbox 2090 2361 2162 2397; x_wconf 74' lang='lat' dir='ltr'>Get</span> 
     </span>
     <span class='ocr_line' id='line_1_47' title="bbox 473 2423 2162 2466; baseline 0.002 -11"><span class='ocrx_word' id='word_1_348' title='bbox 473 2424 515 2456; x_wconf 92' lang='lat' dir='ltr'>de</span> <span class='ocrx_word' id='word_1_349' title='bbox 540 2424 749 2462; x_wconf 87' lang='lat' dir='ltr'>Tholomeis,</span> <span class='ocrx_word' id='word_1_350' title='bbox 774 2424 874 2456; x_wconf 86' lang='lat' dir='ltr'>irater</span> <span class='ocrx_word' id='word_1_351' title='bbox 900 2423 1130 2456; x_wconf 89' lang='lat' dir='ltr'>Bertraminus</span> <span class='ocrx_word' id='word_1_352' title='bbox 1155 2424 1197 2456; x_wconf 92' lang='lat' dir='ltr'>de</span> <span class='ocrx_word' id='word_1_353' title='bbox 1231 2423 1449 2463; x_wconf 84' lang='lat' dir='ltr'>Alexandria,</span> <span class='ocrx_word' id='word_1_354' title='bbox 1485 2424 1586 2457; x_wconf 85' lang='lat' dir='ltr'>frater</span> <span class='ocrx_word' id='word_1_355' title='bbox 1620 2424 1851 2458; x_wconf 88' lang='lat' dir='ltr'>Bernardinus</span> <span class='ocrx_word' id='word_1_356' title='bbox 1875 2425 1918 2458; x_wconf 90' lang='lat' dir='ltr'>de</span> <span class='ocrx_word' id='word_1_357' title='bbox 1942 2424 2162 2466; x_wconf 85' lang='lat' dir='ltr'>Alexandria,</span> 
     </span>
     <span class='ocr_line' id='line_1_48' title="bbox 474 2485 2163 2528; baseline 0.002 -10"><span class='ocrx_word' id='word_1_358' title='bbox 474 2486 628 2519; x_wconf 87' lang='lat' dir='ltr'>Andreas</span> <span class='ocrx_word' id='word_1_359' title='bbox 652 2487 694 2519; x_wconf 92' lang='lat' dir='ltr'>de</span> <span class='ocrx_word' id='word_1_360' title='bbox 719 2486 918 2525; x_wconf 86' lang='lat' dir='ltr'>Zavatariis‚</span> <span class='ocrx_word' id='word_1_361' title='bbox 951 2486 1051 2518; x_wconf 86' lang='lat' dir='ltr'>frater</span> <span class='ocrx_word' id='word_1_362' title='bbox 1079 2485 1231 2519; x_wconf 84' lang='lat' dir='ltr'>Thomas</span> <span class='ocrx_word' id='word_1_363' title='bbox 1256 2486 1298 2519; x_wconf 95' lang='lat' dir='ltr'>de</span> <span class='ocrx_word' id='word_1_364' title='bbox 1323 2486 1460 2526; x_wconf 89' lang='lat' dir='ltr'>Varaxi,</span> <span class='ocrx_word' id='word_1_365' title='bbox 1497 2487 1598 2519; x_wconf 82' lang='lat' dir='ltr'>frater</span> <span class='ocrx_word' id='word_1_366' title='bbox 1634 2486 1815 2520; x_wconf 89' lang='lat' dir='ltr'>Iacobinus</span> <span class='ocrx_word' id='word_1_367' title='bbox 1839 2487 1882 2521; x_wconf 90' lang='lat' dir='ltr'>de</span> <span class='ocrx_word' id='word_1_368' title='bbox 1905 2487 2163 2528; x_wconf 86' lang='lat' dir='ltr'>Mediisbarbis,</span> 
     </span>
     <span class='ocr_line' id='line_1_49' title="bbox 474 2548 2157 2592; baseline 0.001 -11"><span class='ocrx_word' id='word_1_369' title='bbox 474 2548 600 2591; x_wconf 89' lang='lat' dir='ltr'>Symon</span> <span class='ocrx_word' id='word_1_370' title='bbox 626 2549 667 2582; x_wconf 91' lang='lat' dir='ltr'>de</span> <span class='ocrx_word' id='word_1_371' title='bbox 693 2548 899 2588; x_wconf 86' lang='lat' dir='ltr'>Gualfredis,</span> <span class='ocrx_word' id='word_1_372' title='bbox 924 2549 1024 2581; x_wconf 88' lang='lat' dir='ltr'>frater</span> <span class='ocrx_word' id='word_1_373' title='bbox 1041 2549 1189 2581; x_wconf 89' lang='lat' dir='ltr'>Michael</span> <span class='ocrx_word' id='word_1_374' title='bbox 1215 2549 1257 2582; x_wconf 91' lang='lat' dir='ltr'>de</span> <span class='ocrx_word' id='word_1_375' title='bbox 1283 2549 1419 2588; x_wconf 82' lang='lat' dir='ltr'>Rosate,</span> <span class='ocrx_word' id='word_1_376' title='bbox 1444 2550 1501 2591; x_wconf 85' lang='lat' dir='ltr'>qui</span> <span class='ocrx_word' id='word_1_377' title='bbox 1527 2551 1606 2583; x_wconf 90' lang='lat' dir='ltr'>sunt</span> <span class='ocrx_word' id='word_1_378' title='bbox 1623 2550 1701 2592; x_wconf 92' lang='lat' dir='ltr'>plus</span> <span class='ocrx_word' id='word_1_379' title='bbox 1718 2559 1820 2592; x_wconf 85' lang='lat' dir='ltr'>quam</span> <span class='ocrx_word' id='word_1_380' title='bbox 1844 2551 1912 2584; x_wconf 89' lang='lat' dir='ltr'>due</span> <span class='ocrx_word' id='word_1_381' title='bbox 1937 2552 2050 2592; x_wconf 88' lang='lat' dir='ltr'>partes</span> <span class='ocrx_word' id='word_1_382' title='bbox 2073 2559 2157 2592; x_wconf 85' lang='lat' dir='ltr'>supr</span> 
     </span>
     <span class='ocr_line' id='line_1_50' title="bbox 476 2609 2165 2655; baseline 0.002 -12"><span class='ocrx_word' id='word_1_383' title='bbox 476 2609 624 2652; x_wconf 84' lang='lat' dir='ltr'>Capituli</span> <span class='ocrx_word' id='word_1_384' title='bbox 650 2613 682 2643; x_wconf 92' lang='lat' dir='ltr'>et</span> <span class='ocrx_word' id='word_1_385' title='bbox 718 2614 940 2644; x_wconf 88' lang='lat' dir='ltr'>conventus...</span> <span class='ocrx_word' id='word_1_386' title='bbox 965 2612 997 2643; x_wconf 85' lang='lat' dir='ltr'>in</span> <span class='ocrx_word' id='word_1_387' title='bbox 1023 2612 1141 2643; x_wconf 81' lang='lat' dir='ltr'>unione</span> <span class='ocrx_word' id='word_1_388' title='bbox 1166 2611 1219 2643; x_wconf 91' lang='lat' dir='ltr'>col</span> <span class='ocrx_word' id='word_1_389' title='bbox 1241 2611 1423 2644; x_wconf 80' lang='lat' dir='ltr'>Fiamberti</span> <span class='ocrx_word' id='word_1_390' title='bbox 1455 2612 1609 2645; x_wconf 74' lang='lat' dir='ltr'>suddeno</span> <span class='ocrx_word' id='word_1_391' title='bbox 1645 2612 1808 2654; x_wconf 83' lang='lat' dir='ltr'>eleggono</span> <span class='ocrx_word' id='word_1_392' title='bbox 1839 2611 1978 2655; x_wconf 81' lang='lat' dir='ltr'>Stefano</span> <span class='ocrx_word' id='word_1_393' title='bbox 2012 2611 2165 2646; x_wconf 80' lang='lat' dir='ltr'>Biscossi</span> 
     </span>
     <span class='ocr_line' id='line_1_51' title="bbox 471 2673 2224 2724; baseline 0.002 -19"><span class='ocrx_word' id='word_1_394' title='bbox 471 2673 607 2714; x_wconf 85' lang='lat' dir='ltr'>glielmo</span> <span class='ocrx_word' id='word_1_395' title='bbox 640 2673 863 2714; x_wconf 84' lang='lat' dir='ltr'>Sangregorio</span> <span class='ocrx_word' id='word_1_396' title='bbox 899 2673 1012 2706; x_wconf 82' lang='lat' dir='ltr'>arbitri</span> <span class='ocrx_word' id='word_1_397' title='bbox 1042 2682 1105 2715; x_wconf 83' lang='lat' dir='ltr'>per</span> <span class='ocrx_word' id='word_1_398' title='bbox 1135 2673 1282 2706; x_wconf 83' lang='lat' dir='ltr'>stabilire</span> <span class='ocrx_word' id='word_1_399' title='bbox 1306 2674 1330 2706; x_wconf 89' lang='lat' dir='ltr'>il</span> <span class='ocrx_word' id='word_1_400' title='bbox 1348 2682 1472 2715; x_wconf 81' lang='lat' dir='ltr'>prezzo</span> <span class='ocrx_word' id='word_1_401' title='bbox 1507 2674 1593 2707; x_wconf 81' lang='lat' dir='ltr'>delle</span> <span class='ocrx_word' id='word_1_402' title='bbox 1628 2683 1706 2707; x_wconf 83' lang='lat' dir='ltr'>case</span> <span class='ocrx_word' id='word_1_403' title='bbox 1730 2674 1775 2707; x_wconf 86' lang='lat' dir='ltr'>da</span> <span class='ocrx_word' id='word_1_404' title='bbox 1800 2674 1949 2708; x_wconf 84' lang='lat' dir='ltr'>vendersi</span> <span class='ocrx_word' id='word_1_405' title='bbox 1969 2674 2030 2708; x_wconf 80' lang='lat' dir='ltr'>dai</span> <span class='ocrx_word' id='word_1_406' title='bbox 2051 2674 2190 2708; x_wconf 83' lang='lat' dir='ltr'>Fiambe</span> <span class='ocrx_word' id='word_1_407' title='bbox 2222 2722 2224 2724; x_wconf 16' lang='lat' dir='ltr'>v</span> 
     </span>
     <span class='ocr_line' id='line_1_52' title="bbox 475 2733 711 2776; baseline 0 -9"><span class='ocrx_word' id='word_1_408' title='bbox 475 2738 633 2767; x_wconf 85' lang='lat' dir='ltr'>convento</span> <span class='ocrx_word' id='word_1_409' title='bbox 650 2733 711 2776; x_wconf 86' lang='lat'>(2).</span> 
     </span>
    </p>
   </div>
   <div class='ocr_carea' id='block_1_10' title="bbox 2158 1683 2178 1709">
    <p class='ocr_par' dir='ltr' id='par_1_11' title="bbox 2158 1683 2178 1709">
     <span class='ocr_line' id='line_1_53' title="bbox 2158 1683 2178 1709; baseline 0 1891"><span class='ocrx_word' id='word_1_410' title='bbox 2158 1683 2178 1709; x_wconf 95' lang='lat' dir='ltr'> </span> 
     </span>
    </p>
   </div>
   <div class='ocr_carea' id='block_1_11' title="bbox 480 2885 2246 3187">
    <p class='ocr_par' dir='ltr' id='par_1_12' title="bbox 480 2885 2246 3187">
     <span class='ocr_line' id='line_1_54' title="bbox 533 2885 2224 2923; baseline 0.003 -10"><span class='ocrx_word' id='word_1_411' title='bbox 533 2892 564 2917; x_wconf 81' lang='lat' dir='ltr'>(l)</span> <span class='ocrx_word' id='word_1_412' title='bbox 578 2891 674 2914; x_wconf 85' lang='lat' dir='ltr'>Sembra</span> <span class='ocrx_word' id='word_1_413' title='bbox 688 2893 730 2914; x_wconf 85' lang='lat' dir='ltr'>che</span> <span class='ocrx_word' id='word_1_414' title='bbox 743 2892 803 2915; x_wconf 82' lang='lat' dir='ltr'>irate</span> <span class='ocrx_word' id='word_1_415' title='bbox 817 2893 897 2915; x_wconf 85' lang='lat' dir='ltr'>Nicola</span> <span class='ocrx_word' id='word_1_416' title='bbox 912 2894 942 2915; x_wconf 85' lang='lat' dir='ltr'>da</span> <span class='ocrx_word' id='word_1_417' title='bbox 957 2893 1071 2915; x_wconf 82' lang='lat' dir='ltr'>Cremona</span> <span class='ocrx_word' id='word_1_418' title='bbox 1093 2894 1127 2915; x_wconf 80' lang='lat' dir='ltr'>sla</span> <span class='ocrx_word' id='word_1_419' title='bbox 1142 2899 1188 2916; x_wconf 82' lang='lat' dir='ltr'>una</span> <span class='ocrx_word' id='word_1_420' title='bbox 1209 2895 1286 2923; x_wconf 82' lang='lat' dir='ltr'>stessa</span> <span class='ocrx_word' id='word_1_421' title='bbox 1308 2899 1359 2920; x_wconf 81' lang='lat' dir='ltr'>per·</span> <span class='ocrx_word' id='word_1_422' title='bbox 1413 2894 1455 2916; x_wconf 84' lang='lat' dir='ltr'>stri</span> <span class='ocrx_word' id='word_1_423' title='bbox 1469 2894 1572 2921; x_wconf 74' lang='lat' dir='ltr'>generali</span> <span class='ocrx_word' id='word_1_424' title='bbox 1586 2894 1641 2916; x_wconf 84' lang='lat' dir='ltr'>dell’</span> <span class='ocrx_word' id='word_1_425' title='bbox 1655 2895 1751 2922; x_wconf 83' lang='lat' dir='ltr'>Ordine,</span> <span class='ocrx_word' id='word_1_426' title='bbox 1766 2894 1877 2918; x_wconf 63' lang='lat' dir='ltr'>messiane</span> <span class='ocrx_word' id='word_1_427' title='bbox 1890 2896 1956 2917; x_wconf 78' lang='lat' dir='ltr'>sotto</span> <span class='ocrx_word' id='word_1_428' title='bbox 1970 2895 1986 2917; x_wconf 90' lang='lat' dir='ltr'>il</span> <span class='ocrx_word' id='word_1_429' title='bbox 1999 2895 2135 2922; x_wconf 69' lang='lat' dir='ltr'>genennt«)</span> <span class='ocrx_word' id='word_1_430' title='bbox 2144 2894 2183 2917; x_wconf 73' lang='lat' dir='ltr'>dei</span> <span class='ocrx_word' id='word_1_431' title='bbox 2196 2885 2224 2918; x_wconf 69' lang='grc' dir='ltr'>Β.</span> 
     </span>
     <span class='ocr_line' id='line_1_55' title="bbox 480 2935 2221 2967; baseline 0.003 -10"><span class='ocrx_word' id='word_1_432' title='bbox 480 2941 538 2957; x_wconf 82' lang='lat' dir='ltr'>sona</span> <span class='ocrx_word' id='word_1_433' title='bbox 553 2936 588 2957; x_wconf 88' lang='lat' dir='ltr'>col</span> <span class='ocrx_word' id='word_1_434' title='bbox 603 2935 719 2963; x_wconf 82' lang='lat' dir='ltr'>Religioso</span> <span class='ocrx_word' id='word_1_435' title='bbox 734 2937 860 2963; x_wconf 89' lang='lat' dir='ltr'>omonimo,</span> <span class='ocrx_word' id='word_1_436' title='bbox 875 2937 897 2958; x_wconf 88' lang='lat' dir='ltr'>di</span> <span class='ocrx_word' id='word_1_437' title='bbox 912 2938 948 2959; x_wconf 88' lang='lat' dir='ltr'>cui</span> <span class='ocrx_word' id='word_1_438' title='bbox 963 2937 985 2959; x_wconf 80' lang='lat' dir='ltr'>fa</span> <span class='ocrx_word' id='word_1_439' title='bbox 1001 2937 1122 2959; x_wconf 85' lang='lat' dir='ltr'>menzione</span> <span class='ocrx_word' id='word_1_440' title='bbox 1136 2938 1237 2960; x_wconf 73' lang='grc' dir='ltr'>ΡιιιΡΡο</span> <span class='ocrx_word' id='word_1_441' title='bbox 1251 2941 1286 2960; x_wconf 79' lang='lat' dir='ltr'>DA</span> <span class='ocrx_word' id='word_1_442' title='bbox 1301 2938 1361 2961; x_wconf 67' lang='lat' dir='ltr'>BER-</span> <span class='ocrx_word' id='word_1_443' title='bbox 1414 2939 1478 2960; x_wconf 82' lang='lat' dir='ltr'>stino</span> <span class='ocrx_word' id='word_1_444' title='bbox 1493 2938 1597 2962; x_wconf 82' lang='lat' dir='ltr'>Romano</span> <span class='ocrx_word' id='word_1_445' title='bbox 1611 2939 1746 2965; x_wconf 74' lang='grc'><strong>(1419·1431)</strong></span> <span class='ocrx_word' id='word_1_446' title='bbox 1759 2945 1772 2961; x_wconf 85' lang='lat' dir='ltr'>e</span> <span class='ocrx_word' id='word_1_447' title='bbox 1786 2939 1810 2961; x_wconf 85' lang='lat' dir='ltr'>di</span> <span class='ocrx_word' id='word_1_448' title='bbox 1824 2939 1930 2962; x_wconf 74' lang='lat' dir='ltr'>Gerardo</span> <span class='ocrx_word' id='word_1_449' title='bbox 1944 2939 1974 2961; x_wconf 76' lang='lat' dir='ltr'>dn</span> <span class='ocrx_word' id='word_1_450' title='bbox 1989 2939 2072 2963; x_wconf 80' lang='lat' dir='ltr'>Rimini</span> <span class='ocrx_word' id='word_1_451' title='bbox 2085 2938 2221 2967; x_wconf 57' lang='grc'><strong>(1431448)</strong></span> 
     </span>
     <span class='ocr_line' id='line_1_56' title="bbox 480 2979 2230 3011; baseline 0.003 -10"><span class='ocrx_word' id='word_1_452' title='bbox 480 2983 564 3006; x_wconf 79' lang='grc' dir='ltr'><strong>οΑΜΟ,</strong></span> <span class='ocrx_word' id='word_1_453' title='bbox 579 2979 768 3007; x_wconf 79' lang='lat' dir='ltr'>supplementum</span> <span class='ocrx_word' id='word_1_454' title='bbox 785 2981 964 3008; x_wconf 75' lang='lat' dir='ltr'>chronicarum,</span> <span class='ocrx_word' id='word_1_455' title='bbox 980 2981 1088 3008; x_wconf 84' lang='lat' dir='ltr'>Venezia,</span> <span class='ocrx_word' id='word_1_456' title='bbox 1106 2982 1165 3009; x_wconf 81' lang='lat'>1506,</span> <span class='ocrx_word' id='word_1_457' title='bbox 1179 2982 1220 3004; x_wconf 84' lang='grc'>101.</span> <span class='ocrx_word' id='word_1_458' title='bbox 1238 2982 1276 3005; x_wconf 85' lang='grc'>123</span> <span class='ocrx_word' id='word_1_459' title='bbox 1295 2989 1327 3009; x_wconf 83' lang='grc' dir='ltr'>ν.;</span> <span class='ocrx_word' id='word_1_460' title='bbox 1346 2988 1359 3005; x_wconf 86' lang='lat' dir='ltr'>e</span> <span class='ocrx_word' id='word_1_461' title='bbox 1466 2982 1498 3009; x_wconf 82' lang='lat'>(2)</span> <span class='ocrx_word' id='word_1_462' title='bbox 1513 2983 1544 3004; x_wconf 79' lang='lat' dir='ltr'>La</span> <span class='ocrx_word' id='word_1_463' title='bbox 1565 2988 1675 3010; x_wconf 74' lang='lat' dir='ltr'>competa</span> <span class='ocrx_word' id='word_1_464' title='bbox 1699 2983 1805 3006; x_wconf 72' lang='lat' dir='ltr'>eflettiva</span> <span class='ocrx_word' id='word_1_465' title='bbox 1818 2983 1842 3006; x_wconf 83' lang='lat' dir='ltr'>di</span> <span class='ocrx_word' id='word_1_466' title='bbox 1856 2983 1936 3011; x_wconf 71' lang='lat' dir='ltr'>quesn</span> <span class='ocrx_word' id='word_1_467' title='bbox 1955 2984 2035 3006; x_wconf 75' lang='lat' dir='ltr'>stabili</span> <span class='ocrx_word' id='word_1_468' title='bbox 2056 2989 2104 3006; x_wconf 85' lang='lat' dir='ltr'>non</span> <span class='ocrx_word' id='word_1_469' title='bbox 2123 2988 2230 3007; x_wconf 69' lang='lat' dir='ltr'>menne</span> 
     </span>
     <span class='ocr_line' id='line_1_57' title="bbox 481 3024 2210 3055; baseline 0.003 -10"><span class='ocrx_word' id='word_1_470' title='bbox 481 3024 518 3046; x_wconf 84' lang='lat' dir='ltr'>del</span> <span class='ocrx_word' id='word_1_471' title='bbox 533 3024 602 3051; x_wconf 81' lang='lat' dir='ltr'>quale</span> <span class='ocrx_word' id='word_1_472' title='bbox 615 3024 691 3046; x_wconf 83' lang='lat' dir='ltr'>scrive</span> <span class='ocrx_word' id='word_1_473' title='bbox 704 3024 719 3046; x_wconf 93' lang='lat' dir='ltr'>il</span> <span class='ocrx_word' id='word_1_474' title='bbox 734 3025 850 3052; x_wconf 74' lang='lat' dir='ltr'>TORELLl,</span> <span class='ocrx_word' id='word_1_475' title='bbox 864 3026 911 3047; x_wconf 90' lang='lat' dir='ltr'>vol.</span> <span class='ocrx_word' id='word_1_476' title='bbox 926 3026 964 3052; x_wconf 84' lang='lat' dir='ltr'>Vl,</span> <span class='ocrx_word' id='word_1_477' title='bbox 980 3031 1032 3052; x_wconf 82' lang='lat' dir='ltr'>pag.</span> <span class='ocrx_word' id='word_1_478' title='bbox 1047 3026 1095 3053; x_wconf 84' lang='lat'>650,</span> <span class='ocrx_word' id='word_1_479' title='bbox 1111 3026 1152 3048; x_wconf 85' lang='lat' dir='ltr'>che</span> <span class='ocrx_word' id='word_1_480' title='bbox 1167 3026 1204 3048; x_wconf 85' lang='lat' dir='ltr'>nel</span> <span class='ocrx_word' id='word_1_481' title='bbox 1221 3026 1272 3049; x_wconf 74' lang='grc'>1434</span> <span class='ocrx_word' id='word_1_482' title='bbox 1286 3027 1357 3049; x_wconf 83' lang='lat' dir='ltr'>inter·</span> <span class='ocrx_word' id='word_1_483' title='bbox 1411 3029 1497 3055; x_wconf 74' lang='lat' dir='ltr'>troppa</span> <span class='ocrx_word' id='word_1_484' title='bbox 1512 3027 1615 3054; x_wconf 63' lang='lat' dir='ltr'>celei-ita,</span> <span class='ocrx_word' id='word_1_485' title='bbox 1630 3027 1716 3055; x_wconf 71' lang='lat' dir='ltr'>perche</span> <span class='ocrx_word' id='word_1_486' title='bbox 1729 3028 1766 3050; x_wconf 80' lang='lat' dir='ltr'>uei</span> <span class='ocrx_word' id='word_1_487' title='bbox 1781 3027 1890 3050; x_wconf 68' lang='lat' dir='ltr'>breviarii</span> <span class='ocrx_word' id='word_1_488' title='bbox 1903 3028 1927 3050; x_wconf 86' lang='lat' dir='ltr'>di</span> <span class='ocrx_word' id='word_1_489' title='bbox 1941 3027 2062 3050; x_wconf 83' lang='lat' dir='ltr'>Simonino</span> <span class='ocrx_word' id='word_1_490' title='bbox 2077 3027 2168 3051; x_wconf 68' lang='lat' dir='ltr'>Paron·</span> <span class='ocrx_word' id='word_1_491' title='bbox 2187 3028 2210 3051; x_wconf 67' lang='grc' dir='ltr'>ι’</span> 
     </span>
     <span class='ocr_line' id='line_1_58' title="bbox 480 3067 2235 3101; baseline 0.004 -12"><span class='ocrx_word' id='word_1_492' title='bbox 480 3073 554 3090; x_wconf 85' lang='lat' dir='ltr'>venne</span> <span class='ocrx_word' id='word_1_493' title='bbox 568 3068 590 3090; x_wconf 80' lang='lat' dir='ltr'>al</span> <span class='ocrx_word' id='word_1_494' title='bbox 605 3067 708 3090; x_wconf 86' lang='lat' dir='ltr'>concilio</span> <span class='ocrx_word' id='word_1_495' title='bbox 723 3068 744 3089; x_wconf 83' lang='lat' dir='ltr'>di</span> <span class='ocrx_word' id='word_1_496' title='bbox 760 3068 860 3095; x_wconf 84' lang='lat' dir='ltr'>Basilea‚</span> <span class='ocrx_word' id='word_1_497' title='bbox 875 3075 887 3091; x_wconf 87' lang='lat' dir='ltr'>e</span> <span class='ocrx_word' id='word_1_498' title='bbox 902 3070 938 3091; x_wconf 89' lang='lat' dir='ltr'>nel</span> <span class='ocrx_word' id='word_1_499' title='bbox 955 3070 1007 3091; x_wconf 85' lang='grc'>1452</span> <span class='ocrx_word' id='word_1_500' title='bbox 1019 3069 1043 3091; x_wconf 82' lang='lat' dir='ltr'>tu</span> <span class='ocrx_word' id='word_1_501' title='bbox 1059 3070 1132 3092; x_wconf 80' lang='lat' dir='ltr'>eletto</span> <span class='ocrx_word' id='word_1_502' title='bbox 1152 3070 1260 3092; x_wconf 88' lang='lat' dir='ltr'>Vescovo</span> <span class='ocrx_word' id='word_1_503' title='bbox 1275 3070 1297 3092; x_wconf 84' lang='lat' dir='ltr'>di</span> <span class='ocrx_word' id='word_1_504' title='bbox 1312 3076 1358 3092; x_wconf 91' lang='lat' dir='ltr'>non</span> <span class='ocrx_word' id='word_1_505' title='bbox 1413 3073 1489 3099; x_wconf 81' lang='lat' dir='ltr'>trano,</span> <span class='ocrx_word' id='word_1_506' title='bbox 1503 3072 1577 3094; x_wconf 75' lang='lat' dir='ltr'>anche</span> <span class='ocrx_word' id='word_1_507' title='bbox 1590 3072 1708 3094; x_wconf 82' lang='lat' dir='ltr'>nell&#39;anno</span> <span class='ocrx_word' id='word_1_508' title='bbox 1724 3072 1782 3099; x_wconf 77' lang='grc'><strong>1399,</strong></span> <span class='ocrx_word' id='word_1_509' title='bbox 1797 3072 1930 3095; x_wconf 70' lang='lat' dir='ltr'>{strumenti</span> <span class='ocrx_word' id='word_1_510' title='bbox 1943 3072 1968 3095; x_wconf 86' lang='lat' dir='ltr'>di</span> <span class='ocrx_word' id='word_1_511' title='bbox 1982 3073 2101 3100; x_wconf 74' lang='lat' dir='ltr'>proroghe</span> <span class='ocrx_word' id='word_1_512' title='bbox 2113 3078 2183 3101; x_wconf 71' lang='lat' dir='ltr'>prete</span> <span class='ocrx_word' id='word_1_513' title='bbox 2195 3072 2235 3095; x_wconf 74' lang='lat' dir='ltr'>(hi</span> 
     </span>
     <span class='ocr_line' id='line_1_59' title="bbox 481 3112 2246 3145; baseline 0.002 -10"><span class='ocrx_word' id='word_1_514' title='bbox 481 3113 501 3135; x_wconf 80' lang='lat' dir='ltr'>si</span> <span class='ocrx_word' id='word_1_515' title='bbox 515 3118 542 3135; x_wconf 78' lang='lat' dir='ltr'>sa</span> <span class='ocrx_word' id='word_1_516' title='bbox 557 3112 612 3140; x_wconf 79' lang='lat' dir='ltr'>qual</span> <span class='ocrx_word' id='word_1_517' title='bbox 627 3112 714 3134; x_wconf 82' lang='lat' dir='ltr'>diocesi</span> <span class='ocrx_word' id='word_1_518' title='bbox 731 3115 794 3140; x_wconf 83' lang='lat' dir='ltr'>(pag.</span> <span class='ocrx_word' id='word_1_519' title='bbox 815 3113 871 3139; x_wconf 83' lang='lat'><strong>828).</strong></span> <span class='ocrx_word' id='word_1_520' title='bbox 892 3114 940 3141; x_wconf 81' lang='lat' dir='ltr'>Egli</span> <span class='ocrx_word' id='word_1_521' title='bbox 961 3120 1063 3137; x_wconf 83' lang='lat' dir='ltr'>accenna</span> <span class='ocrx_word' id='word_1_522' title='bbox 1083 3115 1156 3137; x_wconf 85' lang='lat' dir='ltr'>anche</span> <span class='ocrx_word' id='word_1_523' title='bbox 1178 3116 1220 3137; x_wconf 88' lang='lat' dir='ltr'>che</span> <span class='ocrx_word' id='word_1_524' title='bbox 1241 3115 1256 3137; x_wconf 90' lang='lat' dir='ltr'>il</span> <span class='ocrx_word' id='word_1_525' title='bbox 1278 3117 1360 3138; x_wconf 79' lang='lat' dir='ltr'>nostro</span> <span class='ocrx_word' id='word_1_526' title='bbox 1416 3117 1462 3143; x_wconf 86' lang='lat' dir='ltr'>riti,</span> <span class='ocrx_word' id='word_1_527' title='bbox 1477 3116 1584 3138; x_wconf 83' lang='lat' dir='ltr'>venendo</span> <span class='ocrx_word' id='word_1_528' title='bbox 1599 3116 1621 3138; x_wconf 88' lang='lat' dir='ltr'>in</span> <span class='ocrx_word' id='word_1_529' title='bbox 1637 3116 1669 3138; x_wconf 77' lang='lat' dir='ltr'>tal</span> <span class='ocrx_word' id='word_1_530' title='bbox 1684 3116 1756 3139; x_wconf 87' lang='lat' dir='ltr'>modo</span> <span class='ocrx_word' id='word_1_531' title='bbox 1769 3122 1784 3138; x_wconf 81' lang='lat' dir='ltr'>a</span> <span class='ocrx_word' id='word_1_532' title='bbox 1798 3116 1941 3139; x_wconf 76' lang='lat' dir='ltr'>dllaziomre</span> <span class='ocrx_word' id='word_1_533' title='bbox 1955 3116 1978 3139; x_wconf 84' lang='lat' dir='ltr'>di</span> <span class='ocrx_word' id='word_1_534' title='bbox 1993 3117 2068 3139; x_wconf 85' lang='lat' dir='ltr'>molto</span> <span class='ocrx_word' id='word_1_535' title='bbox 2081 3117 2104 3139; x_wconf 83' lang='grc' dir='ltr'>1ι</span> <span class='ocrx_word' id='word_1_536' title='bbox 2117 3117 2246 3145; x_wconf 70' lang='lat' dir='ltr'>pronuncia</span> 
     </span>
     <span class='ocr_line' id='line_1_60' title="bbox 483 3156 1544 3187; baseline 0.003 -8"><span class='ocrx_word' id='word_1_537' title='bbox 483 3157 600 3184; x_wconf 78' lang='lat' dir='ltr'>Religioso</span> <span class='ocrx_word' id='word_1_538' title='bbox 614 3156 627 3178; x_wconf 77' lang='grc' dir='ltr'>ὲ</span> <span class='ocrx_word' id='word_1_539' title='bbox 642 3156 759 3179; x_wconf 82' lang='lat' dir='ltr'>ricordato</span> <span class='ocrx_word' id='word_1_540' title='bbox 773 3162 817 3179; x_wconf 88' lang='lat' dir='ltr'>con</span> <span class='ocrx_word' id='word_1_541' title='bbox 832 3163 922 3180; x_wconf 88' lang='lat' dir='ltr'>sommo</span> <span class='ocrx_word' id='word_1_542' title='bbox 937 3164 1009 3181; x_wconf 88' lang='lat' dir='ltr'>onore</span> <span class='ocrx_word' id='word_1_543' title='bbox 1023 3159 1046 3180; x_wconf 92' lang='lat' dir='ltr'>in</span> <span class='ocrx_word' id='word_1_544' title='bbox 1060 3160 1117 3181; x_wconf 81' lang='lat' dir='ltr'>varii</span> <span class='ocrx_word' id='word_1_545' title='bbox 1137 3160 1215 3187; x_wconf 81' lang='lat' dir='ltr'>luoghi</span> <span class='ocrx_word' id='word_1_546' title='bbox 1237 3160 1274 3182; x_wconf 90' lang='lat' dir='ltr'>dei</span> <span class='ocrx_word' id='word_1_547' title='bbox 1296 3159 1362 3187; x_wconf 81' lang='lat' dir='ltr'>Regi·</span> <span class='ocrx_word' id='word_1_548' title='bbox 1416 3160 1466 3182; x_wconf 82' lang='lat' dir='ltr'>loro</span> <span class='ocrx_word' id='word_1_549' title='bbox 1481 3160 1544 3182; x_wconf 88' lang='lat' dir='ltr'>lodo.</span> 
     </span>
    </p>
   </div>
  </div>
 </body>
</html>
