2496 3600
451 221 518 254 222

451 355 606 398 derogari
631 357 750 398 posset
772 355 1006 398 dignitatibus,
1031 354 1254 392 libertatibus,
1272 351 1470 395 privilegiis,
1486 350 1634 390 statutis,
1651 349 1850 390 honoribus,
1866 358 1928 384 seu
1945 349 2078 385 iuribus
2093 349 2268 394 aliquibus

450 418 586 452 abbatis
602 419 633 452 et
657 418 897 452 canonicorum
922 417 1159 459 predictorum,
1184 416 1241 457 qui
1268 423 1356 447 nunc
1381 415 1472 453 sunt,
1496 414 1554 447 aut
1578 421 1640 455 per
1662 414 1815 455 tempora
1838 414 1956 447 erunt:

539 478 850 514 Constitutionibus
866 479 1065 522 apostolicis
1083 486 1214 511 necnon
1232 477 1368 510 statutis
1385 477 1418 509 et
1433 474 1742 509 consuetudinibus
1765 475 2045 509 monasteriorum
2061 476 2096 510 et
2110 475 2268 511 ordinum

451 542 677 585 predictorum
714 542 901 581 contrariis,
934 542 1131 579 iuramento,
1155 539 1408 572 confirmatione
1444 537 1652 580 apostolica.
1670 536 1725 571 vel
1761 546 1979 581 quacumque
2010 538 2167 573 firmitate
2200 538 2269 574 alia
2325 528 2377 570 15:⁸³⁹

450 605 628 645 roboratis,
653 613 784 638 necnon
821 604 931 646 pactis
966 603 1045 636 olim
1083 602 1167 635 inter
1202 601 1359 634 abbatem
1384 602 1416 634 et
1440 600 1637 640 canonicos,
1660 600 1807 642 priorem
1831 602 1865 634 et
1887 599 2008 634 fratres
2031 601 2090 644 qui
2114 602 2267 645 tempore

449 669 543 701 erant
566 667 654 700 dicte
671 667 814 700 ecclesie
839 666 941 704 initis,
959 666 991 697 in
1009 663 1282 697 ordinationibus
1306 663 1405 696 factis
1423 671 1484 705 per
1499 663 1617 696 sancte
1635 662 1795 696 memorie
1812 661 1995 697 iohannem
2022 672 2149 707 papam
2176 657 2279 699 xxll'

450 730 724 771 predecessorem
751 711 901 761 nostrum
927 727 1128 769 predictum,
1153 734 1256 768 super
1280 725 1482 758 comunione
1506 724 1673 758 dictorum
1702 724 1949 768 religiosorum,
1973 734 2106 760 necnon
2130 728 2268 760 senten·

448 792 505 824 tiis
522 791 606 824 inter
622 793 736 832 partes
760 790 931 832 predictas
949 798 1008 831 per
1025 787 1252 822 venerabilem
1278 787 1412 820 fratrem
1438 788 1590 820 nostrum
1615 785 1823 820 Guilelmum
1839 787 2042 831 episcopum
2066 788 2267 831 papiensem

448 856 480 886 et
496 853 655 886 dilectum
673 852 776 885 filiurn
803 854 953 884 nostrum
972 849 1172 884 Cosmatum
1196 850 1294 883 titulo
1318 848 1442 883 Sancte
1463 847 1585 900 Crucis
1609 850 1643 882 in
1668 849 1881 884 Hierusalem
1906 850 2130 893 presbiterum
2146 849 2268 886 Cardi-

449 916 556 948 nalem
584 914 731 956 prefatos
757 923 798 947 ex
824 914 1037 956 delegatione
1062 912 1252 955 apostolica
1278 912 1366 952 latis,
1390 921 1533 954 quarum
1562 912 1712 945 omnium
1737 914 1873 946 tenores
1898 913 2013 947 haberi
2038 913 2199 948 volumus
2220 922 2266 949 ex

447 980 537 1010 certa
555 977 695 1010 scientia
721 985 782 1018 pro
806 976 1015 1009 sufficienter
1038 975 1215 1017 expressis
1232 977 1265 1008 et
1281 975 1499 1017 specificans,
1516 974 1644 1016 quibus
1657 974 1772 1017 quoad
1785 975 1940 1018 predicta
1964 977 2057 1009 motu
2073 978 2107 1010 et
2121 976 2265 1011 scientia

448 1039 616 1072 similibus
641 1039 845 1080 derogamus
863 1040 895 1071 et
911 1038 987 1071 aliis
1012 1037 1188 1070 contrariis
1213 1046 1279 1070 non
1305 1037 1523 1070 obstantibus
1547 1037 1833 1080 quibuscumque.
1858 1037 1931 1071 Nos
1956 1038 2097 1081 insuper
2114 1047 2159 1073 ex
2176 1046 2267 1075 nunc

447 1102 572 1134 irritum
597 1101 812 1134 decernimus
837 1102 869 1133 et
894 1101 992 1133 inane
1018 1101 1046 1133 si
1073 1108 1174 1133 secus
1210 1108 1315 1142 super
1339 1100 1404 1132 hiis
1428 1108 1448 1132 a
1472 1108 1691 1142 quocumque
1726 1100 1852 1142 quavis
1885 1101 2086 1135 auctoritate
2119 1101 2268 1136 scienter
2292 1123 2294 1125 -

447 1164 498 1196 vel
526 1164 719 1205 ignoranter
743 1163 920 1205 contigerit
945 1163 1109 1195 attentari.
1136 1162 1226 1194 Nulli
1252 1171 1334 1204 ergo
1351 1162 1490 1195 omnino
1515 1161 1688 1195 hominum
1714 1162 1812 1196 liceat
1837 1163 1924 1196 hanc
1949 1163 2108 1206 paginam
2132 1165 2268 1198 nostro-

446 1235 516 1258 rum
531 1225 725 1265 voluntatis,
739 1225 930 1264 divisionis,
945 1225 1208 1264 constitutionis,
1227 1225 1387 1264 mandati,
1405 1225 1532 1264 statuti,
1549 1225 1774 1258 ordinationis
1789 1227 1823 1259 et
1838 1225 2071 1268 derogationis
2086 1222 2289 1271 infringere>=
2314 1251 2318 1254 .

444 1288 496 1321 vel
522 1289 572 1320 eis
596 1297 681 1320 ausu
706 1288 883 1320 temerario
908 1288 1108 1320 contrahire.
1134 1285 1169 1320 Si
1195 1288 1273 1329 quis
1297 1289 1410 1320 autem
1436 1287 1500 1320 hoc
1525 1288 1688 1320 attentare
1716 1289 1972 1331 presumpserit,
1997 1288 2265 1332 indignationem

443 1350 682 1392 omnipotentis
719 1349 782 1383 Dei
807 1352 840 1383 et
865 1350 953 1383 beati
979 1349 1067 1382 Petri
1093 1352 1125 1383 et
1150 1349 1245 1383 Pauli
1271 1348 1514 1391 Apostolorum
1551 1349 1626 1382 eius
1649 1357 1688 1383 se
1719 1350 1851 1384 noverit
1886 1351 2110 1385 incursurum.
2138 1350 2265 1389 Damna
2318 1346 2319 1351 ’

446 1412 549 1447 Rome
575 1413 665 1454 apud
692 1414 846 1445 sanctum
875 1411 1022 1452 Petrum,
1059 1412 1239 1445 undecimo
1264 1411 1429 1445 kalendas
1453 1411 1549 1452 Maii,
1573 1412 1793 1454 pontificatus
1827 1414 1933 1447 nostri
1957 1422 2048 1447 anno
2073 1414 2300 1449 undecimas*

1247 1667 1459 1710 CXXX.

534 1777 719 1807 Bonifacio
743 1777 791 1806 IX
815 1777 927 1807 libera
951 1777 1000 1815 gli
1025 1759 1252 1815 Agostiniani
1277 1777 1336 1807 dai
1362 1778 1460 1808 censi
1485 1787 1593 1808 verso
1618 1778 1630 1808 i
1655 1777 1826 1809 Canonici
1849 1787 1869 1808 e
1894 1779 2016 1817 regola
2039 1778 2063 1809 1'
2078 1787 2147 1810 uso
2169 1779 2264 1811 delle

445 1831 562 1860 chiavi
587 1840 606 1860 e
631 1831 810 1860 dell'atrio
836 1831 931 1861 della
955 1831 1098 1861 Chiesa.

1069 1964 1072 1968 ·
1113 1955 1272 1988 1400,
1291 1954 1494 1988 aprile,
1513 1955 1594 1981 21.

931 2042 1000 2068 (Bibl.
1017 2043 1084 2066 Univ.
1101 2043 1123 2065 di
1139 2042 1210 2065 Pavia
1225 2054 1251 2058 —
1266 2043 1324 2066 Cod.
1340 2049 1362 2065 n.
1377 2043 1426 2070 ⁴28,
1441 2042 1548 2071 Pergam.
1564 2043 1587 2065 di
1601 2042 1625 2066 S.
1641 2043 1773 2071 Agosuno).

709 2304 838 2344 piensis
852 2301 903 2345 (l)
928 2304 1070 2337 salutem
1096 2306 1128 2337 et
1151 2305 1375 2346 apostolicam
1401 2305 1684 2339 benedictionem.

456 2252 459 2367 Ι
518 2226 619 2345 Β
687 2245 886 2274 ONlFAClUS
918 2242 1105 2282 episcopus
1134 2250 1255 2274 servus
1282 2251 1459 2274 servorum
1489 2241 1552 2275 Dei
1581 2242 1707 2275 dilecto
1734 2242 1804 2275 filio
1829 2241 2010 2285 Preposito
2038 2243 2183 2278 ecclesie
2198 2252 2262 2287 pa-

794 2367 844 2399 Ad
871 2366 1012 2401 Romani
1046 2367 1222 2400 pontificis
1258 2368 1513 2409 providenciam
1546 2369 1827 2411 circumspectam
1863 2370 2030 2411 pertinere
2053 2370 2266 2413 dignoscitur

445 2493 494 2523 ter
518 2494 704 2534 prospiciat
729 2495 761 2526 et
786 2493 936 2525 intendat
961 2502 1020 2534 per
1043 2502 1110 2534 que
1135 2493 1371 2527 dissensiones
1396 2496 1427 2527 et
1452 2494 1637 2534 scandalla,
1663 2495 1777 2528 licium
1800 2504 1937 2537 quoque
1961 2495 2153 2537 dispendia,
2177 2495 2264 2529 inter

444 2563 608 2595 personas
640 2556 890 2588 ecclesiasticas
927 2556 1101 2597 presertim
1138 2556 1282 2598 regulari
1319 2557 1544 2590 observancie
1577 2558 1711 2591 deditas
1747 2558 1927 2591 salubriter
1963 2558 2098 2592 valeant
2132 2558 2264 2592 evitari.

446 2616 562 2658 Nuper
585 2618 754 2659 siquidem
779 2618 821 2650 ad
847 2620 995 2650 nostram
1029 2619 1181 2659 pervenit
1205 2620 1362 2652 noticiam
1387 2620 1480 2661 quod
1505 2629 1582 2653 cum
1607 2620 1686 2653 olim
1712 2621 1798 2654 inter
1820 2620 1965 2654 dilectos
1988 2621 2078 2654 filios
2113 2619 2264 2654 Priorem

443 2680 474 2710 et
499 2678 619 2712 fratres
655 2680 784 2712 Ordinis
820 2680 958 2713 fratrum
985 2680 1228 2713 Heremitarum
1258 2682 1366 2714 sancti
1392 2681 1573 2724 Augustini
1598 2683 1691 2724 apud
1727 2682 1909 2716 ecclesiam
1934 2683 2305 2717 monasterii-sancti

445 2739 534 2773 Petri
561 2742 593 2773 in
619 2742 691 2774 celo
716 2751 818 2775 aureo
843 2743 1030 2784 papiensis,
1055 2752 1097 2776 ex
1122 2744 1263 2785 speciali
1289 2745 1468 2787 privilegio
1493 2754 1554 2787 per
1577 2745 1686 2779 felicis
1720 2746 1965 2779 recordationis
1993 2745 2175 2779 iohannem
2199 2744 2279 2779 Pa·-

444 2811 520 2842 pam
545 2804 747 2845 vigesimum
772 2805 960 2837 secundum
986 2806 1262 2847 predecessorem
1299 2808 1451 2840 nostrum
1476 2807 1587 2841 eidem
1613 2808 1722 2841 ordini
1759 2816 1938 2848 concesso,
1974 2808 2261 2841 commorancium
2291 2834 2300 2846 .

444 2872 482 2896 ac
507 2865 738 2899 habitaciones
763 2875 845 2900 suas
870 2876 889 2900 a
914 2867 1074 2901 domibus
1091 2870 1122 2901 et
1147 2869 1422 2903 habitacionibus
1447 2869 1646 2903 dilectorum
1670 2869 1814 2903 filiorum
1838 2869 1995 2910 Abbatis,
2011 2868 2282 2904 Canonicorurn
2309 2892 2311 2894 -

501 3019 532 3046 (l)
545 3014 564 3042 ὲ
577 3021 660 3043 Enrico
682 3022 709 3043 Di
704 3028 748 3049 1,na
770 3023 850 3045 nativo
864 3023 887 3045 di
902 3024 1012 3051 Valenza,
1033 3025 1106 3047 allora
1125 3025 1186 3048 della
1201 3026 1289 3049 diocesi
1304 3027 1327 3049 di
1382 3027 1476 3054 glielmo
1497 3027 1617 3056 centuari,
1638 3028 1676 3050 dal
1691 3028 1761 3056 quale
1774 3033 1815 3051 era
1828 3029 1894 3051 stato
1913 3028 2045 3056 adoperato
2058 3028 2119 3051 nella
2132 3028 2263 3052 intr-nme

449 3064 528 3092 Pavin,
543 3064 660 3087 Canonico
675 3066 697 3087 di
712 3066 735 3088 S.
751 3067 784 3088 Mi
786 3068 859 3095 chele,
875 3068 989 3091 Prevosto
1004 3069 1064 3092 della
1079 3069 1222 3098 cattedrale,
1231 3071 1326 3094 dottore
1380 3071 1418 3094 del
1433 3077 1555 3100 processo,
1569 3073 1612 3095 che
1625 3072 1744 3095 condusse
1757 3072 1803 3095 alla
1817 3073 1930 3095 semema
1943 3068 1982 3096 del
1997 3073 2023 3096 16
2035 3074 2121 3100 agusto
2137 3073 2196 3096 im.

448 3109 471 3130 in
486 3109 566 3132 diritto
580 3110 701 3137 canonico,
716 3110 807 3133 vicario
829 3112 941 3135 Generale
963 3113 1000 3135 del
1015 3114 1123 3137 Vescovo
1145 3115 1167 3137 di
1186 3115 1266 3143 pavia,
1282 3116 1328 3139 ou-

435 2426 477 2461 'ut
501 2402 714 2463 subditorum
739 2439 856 2472 pacem
882 2432 913 2462 et
938 2431 1084 2471 quietem
1110 2431 1242 2463 solicite
1268 2431 1440 2472 perquirat
1465 2433 1496 2464 et
1512 2432 1555 2464 ad
1581 2441 1621 2465 ea
1645 2434 1786 2474 paterna
1810 2433 2084 2466 consideratione
2121 2432 2266 2476 diligen·

2332 2736 2351 2771 ⁴¹}
2383 2752 2387 2776 ἦ,
