2496 3600
1969 241 2024 272 161

206 371 298 408 ficia.
315 370 388 410 Pro
411 370 510 404 cuius
534 370 672 411 quidem
696 370 842 403 ecclesie
866 372 985 403 ornatu
1010 371 1231 412 suprascripti
1257 370 1352 403 Prior
1375 372 1408 403 et
1425 370 1574 410 Fratres,
1586 371 1659 404 sive
1677 380 1791 404 eorum
1810 372 2031 413 predecesso-

136 439 174 479 35-
212 433 318 467 resin
342 432 460 465 eadem
483 431 636 464 fecerunt
660 440 721 464 seu
738 432 809 464 fieri
833 432 984 465 fecerunt
1009 432 1222 474 infrascripta
1247 434 1444 465 ornamenta
1468 435 1501 465 et
1526 432 1761 474 infrascriptos
1785 436 1970 474 apparatus
1988 435 2030 466 ad

157 489 162 505 ”
211 499 388 539 comunem
413 502 512 526 usum
538 494 648 535 ipsius
672 493 818 526 ecclesie
843 494 1042 533 destinatos,
1068 503 1183 527 eorum
1209 495 1403 536 sumptibus
1427 496 1460 527 et
1484 494 1658 535 expensis,
1685 495 1915 527 redundancia
1932 497 1964 527 et
1982 505 2032 528 re-

158 602 161 606 ·
211 556 402 591 dundantes
426 557 493 588 tam
518 556 551 588 in
576 556 738 588 honorem
763 559 796 589 et
820 557 927 589 decus
952 557 1179 598 predictorum
1206 556 1360 596 Abbatis,
1401 555 1651 590 Canonicorum
1677 559 1709 589 et
1734 555 1893 598 Capituli,
1930 567 2030 598 quarn

143 617 171 668 J,
211 619 300 653 dicte
323 618 466 651 abbacie
490 620 523 651 et
547 627 649 659 quam
674 619 780 651 eciam
806 619 972 651 dictorum
998 618 1134 658 prioris,
1149 618 1299 651 Fratrum
1325 621 1357 651 et
1381 617 1591 658 Conventus,
1605 627 1672 660 que
1697 621 1892 651 ornamenta
1917 621 1948 651 et
1973 628 2032 660 ap-

209 682 349 725 paratus
384 681 610 713 constiterunt
634 682 667 712 et
691 682 848 713 constare
886 681 1122 720 verisimiliter,
1156 681 1342 713 comuniter
1367 682 1399 712 et
1423 681 1558 713 comuni
1595 680 1815 712 extimatione
1851 682 2032 721 potuerunt

134 731 163 793 ζ
195 738 339 777 ἐἰεᾱειπ
365 742 538 775 Fratribus
562 751 624 775 seu
650 743 843 781 conventui,
858 742 1091 784 infrascriptas
1116 743 1335 784 pecuniarum
1360 743 1576 784 quantitates,
1602 744 1634 775 et
1659 744 1787 774 tantum
1813 742 1890 783 plus
1916 744 1947 774 et
1972 743 2032 774 mi-

211 814 275 839 nus
299 807 461 847 quantum
487 805 519 837 in
544 814 710 846 processu
736 805 975 844 verificabitur,
1001 805 1172 838 videlicet:
1200 805 1233 837 ln
1259 806 1376 846 primis
1407 806 1557 847 picturas
1593 805 1800 837 testudinum
1827 814 1887 837 seu
1925 805 2032 838 volta-

210 876 282 901 rum
307 867 458 909 predicte
482 867 638 906 ecclesie,
663 876 729 908 que
754 869 995 900 constaverunt
1012 869 1044 899 et
1061 869 1217 900 constare
1242 867 1469 900 verisimiliter
1493 869 1525 900 et
1550 868 1683 900 comuni
1710 867 1936 900 extimacione
1970 876 2031 909 po-

209 931 342 964 tuerunt
365 930 514 962 florenos
539 931 672 962 centum
697 927 759 970 (1).

298 992 377 1025 Item
401 992 569 1025 fenestras
594 992 718 1024 vitreas
743 994 810 1025 tam
837 992 1012 1025 inferiores
1037 1002 1138 1034 quam
1164 994 1370 1034 superiores,
1385 995 1522 1034 propter
1539 993 1687 1034 pluvias,
1706 994 1826 1025 ventos
1844 992 2031 1025 excluden-

208 1055 284 1095 dos,
302 1056 337 1087 ut
353 1054 480 1087 ibidem
506 1055 617 1096 possit
641 1055 784 1087 comode
810 1055 936 1087 dictum
962 1055 1110 1088 officium
1137 1055 1323 1095 cellebrari‚
1349 1065 1415 1096 que
1445 1057 1687 1088 constaverunt
1712 1057 1744 1088 et
1769 1057 1925 1088 constare
1946 1055 2031 1087 veri-

208 1117 360 1151 similiter
383 1118 416 1150 et
439 1117 575 1150 comuni
600 1117 827 1149 extimacione
853 1119 1033 1159 potuerunt
1057 1118 1205 1150 florenos
1230 1118 1476 1160 quinquaginta
1501 1115 1562 1158 (2).

135 1213 143 1219 ⁷,
297 1179 376 1212 ltem
402 1189 536 1212 crucem
562 1189 662 1212 unam
688 1189 856 1221 magnam,
881 1180 1039 1212 situatam
1065 1181 1097 1212 in
1124 1180 1236 1212 medio
1261 1180 1350 1212 dicte
1375 1180 1530 1219 ecclesie,
1548 1189 1614 1222 que
1639 1180 1789 1212 constitit
1814 1181 1846 1212 et
1871 1181 2028 1212 constare

141 1241 153 1260 ‘¹
207 1243 342 1276 comuni
367 1242 592 1275 extimacione
617 1242 727 1283 potuit
752 1241 921 1281 Veneciis,
946 1244 1141 1283 computata
1166 1243 1307 1281 victura,
1331 1243 1479 1275 florenos
1504 1244 1784 1284 quatuorcentum
1811 1242 1890 1274 boni
1909 1242 1979 1274 auri
1998 1243 2030 1274 et

208 1305 287 1338 iusti
311 1305 484 1346 ponderis.

297 1366 376 1400 Item
401 1367 611 1400 maiestatem
637 1376 737 1400 unam
763 1376 930 1409 magnam,
956 1368 1055 1400 sitam
1081 1376 1185 1409 super
1209 1367 1303 1399 altari
1329 1376 1452 1409 magno
1482 1367 1571 1399 dicte
1607 1366 1762 1405 ecclesie,
1788 1375 1854 1407 que
1880 1366 2029 1398 constitit

209 1428 378 1468 Veneciis,
403 1438 480 1462 cum
505 1429 636 1462 victura
660 1431 693 1462 et
716 1431 874 1462 constare
900 1430 1035 1462 comuni
1057 1430 1286 1462 extimacione
1312 1429 1422 1471 potuit
1445 1429 1593 1461 florenos
1619 1429 1801 1461 ducentum
1827 1425 1888 1468 (3).

123 1534 144 1542 ι
297 1490 378 1524 ltem
402 1491 559 1524 frontalia
583 1491 652 1524 duo
677 1491 719 1524 de
744 1493 884 1534 argento
909 1493 1132 1533 superaurato
1157 1493 1189 1524 et
1214 1491 1372 1524 smaltata
1397 1491 1429 1523 in
1454 1493 1653 1524 ornamento
1682 1491 1762 1523 dicti
1792 1490 1918 1529 altaris,
1944 1499 2029 1531 quo-

206 1562 279 1587 rum
304 1562 407 1586 unum
433 1553 534 1586 lanue
559 1554 709 1586 constitit
733 1555 766 1586 et
791 1555 948 1601 constare
974 1554 1108 1586 comuni
1134 1554 1359 1586 extimacione
1389 1554 1499 1595 potuit
1514 1553 1662 1585 florenos
1691 1554 1906 1590 trescentum,
1936 1551 2027 1584 aliud

206 1615 357 1649 constitit
381 1614 486 1657 Papie
509 1615 659 1648 florenos
683 1617 828 1648 centum.
851 1599 854 1604 ’

109 1713 134 1726 3
294 1677 373 1710 Item
399 1687 531 1710 cereum
557 1687 660 1710 unum
685 1678 864 1720 pasqualle
890 1678 983 1719 quod
1009 1678 1159 1710 constitit
1184 1677 1340 1710 Veneciis
1365 1686 1442 1710 curn
1479 1677 1609 1709 victura
1634 1678 1667 1709 et
1699 1678 1855 1709 constare
1892 1676 2026 1708 comuni

203 1739 429 1773 extimacione
454 1741 563 1782 potuit
585 1741 735 1773 florenos
760 1737 1018 1782 quinquaginta.

116 1847 118 1852 Ι
293 1801 372 1835 Item
397 1811 524 1844 organa
551 1803 641 1836 facta
676 1812 737 1845 pro
773 1803 900 1836 honore
926 1804 957 1835 et
982 1802 1219 1844 solempnitate
1255 1802 1446 1834 divinorum
1483 1801 1670 1834 officiorum
1697 1802 1729 1833 in
1754 1801 1844 1833 dicta
1881 1800 2026 1833 ecclesia

201 1863 504 1905 cellebrandorum,
529 1875 595 1908 que
620 1866 844 1899 constiterunt
869 1865 1024 1898 Veneciis
1054 1874 1129 1898 cum
1166 1867 1338 1906 portatura
1375 1866 1406 1897 et
1441 1866 1596 1907 constare
1630 1864 1764 1896 comuni
1801 1863 2025 1896 extimacione

204 1929 387 1969 potuerunt
409 1928 558 1961 florenos
583 1928 778 1970 octuaginta
802 1925 863 1969 (4).

291 1989 371 2023 Item
395 1990 564 2032 pulpitum
589 2000 693 2023 unum
719 1991 867 2033 ligneum
893 1991 1055 2023 situatum
1081 1992 1113 2023 et
1138 1991 1369 2023 constructum
1396 1990 1427 2021 in
1454 1989 1566 2022 medio
1591 1989 1679 2021 dicte
1708 1988 1850 2021 ecclesie
1868 1988 1900 2019 in
1918 1987 2026 2019 tribus

202 2051 368 2086 altaribus
393 2062 455 2095 pro
479 2053 606 2086 divinis
630 2053 753 2086 officiis
779 2053 1018 2092 cellebrandis‚
1044 2053 1136 2094 quod
1163 2052 1324 2091 constitit,
1349 2051 1507 2084 deductis
1532 2052 1708 2092 expensis,
1733 2053 1764 2083 et
1789 2051 1944 2082 constare
1970 2058 2027 2082 co—

203 2115 294 2148 muni
319 2116 545 2149 extimacione
570 2116 680 2157 potuit
702 2116 851 2148 florenos
875 2116 1058 2148 ducentum
1084 2115 1155 2148 auri
1182 2115 1261 2147 boni
1287 2117 1319 2147 et
1344 2115 1422 2146 iusti
1452 2114 1624 2155 ponderis.

293 2177 372 2211 Item
398 2178 535 2211 archam
552 2178 676 2211 factam
694 2187 756 2220 pro
774 2178 1024 2220 magnificentia
1042 2180 1073 2210 et
1091 2177 1299 2210 beatitudine
1317 2176 1524 2208 sanctissimi
1542 2175 1735 2217 Augustini,
1754 2175 1934 2216 lapideam,
1959 2182 2025 2215 que

203 2240 364 2280 constitit,
389 2240 546 2273 deductis
563 2241 740 2282 expensis,
757 2242 790 2273 et
807 2242 964 2273 constare
981 2240 1117 2272 comuni
1136 2239 1362 2272 extimacione
1381 2238 1490 2280 potuit
1506 2238 1654 2270 florenos
1672 2239 1818 2279 quatuor
1835 2236 1924 2268 milia
1942 2233 2002 2276 (5).

203 2344 208 2347 λ
292 2301 372 2335 ltem
397 2303 548 2344 picturas
573 2302 681 2335 factas
706 2303 738 2334 in
764 2303 885 2344 truyna
917 2302 1068 2343 desuper
1103 2302 1206 2334 altare
1244 2301 1364 2339 maius,
1400 2309 1462 2342 pro
1498 2300 1747 2342 magnificentia
1772 2301 1804 2332 et
1828 2299 2026 2331 ornamento

202 2363 375 2406 sepulture
399 2365 545 2397 condam
571 2365 660 2397 bone
685 2365 845 2397 memorie
871 2364 1041 2406 magnifici
1067 2366 1100 2396 et
1124 2363 1253 2396 excelsi
1283 2363 1410 2395 domini
1448 2362 1575 2394 domini
1601 2360 1728 2395 Galeaz
1763 2358 1824 2402 (6),
1861 2362 1924 2393 etc.
1950 2359 2025 2398 Que

202 2427 426 2460 constiterunt
449 2427 582 2460 eisdem
607 2427 781 2460 Fratribus
806 2427 911 2459 libras
936 2427 1101 2459 ducentas
1127 2426 1375 2467 quinquaginta
1399 2424 1624 2457 terciolorum.

259 2583 290 2611 (1)
303 2584 394 2611 Questo
415 2586 490 2612 punto
511 2584 624 2607 dimostra
639 2584 702 2611 quali
721 2584 813 2606 fossero
829 2584 834 2606 1
849 2584 922 2606 lavori
944 2584 967 2606 di
988 2583 1084 2606 abl-›elli—

207 2630 286 2652 mento
300 2630 446 2652 nell'lnterno
461 2629 521 2652 della
536 2630 623 2656 chiesa,
638 2630 680 2651 che
698 2629 736 2656 gia
761 2629 884 2651 vedemmo
898 2634 991 2656 appena
1005 2634 1086 2651 accen-

206 2674 255 2696 mti
269 2674 306 2696 nel
320 2675 390 2697 Liber
403 2680 568 2702 expensarum,
583 2674 645 2699 (doc.
661 2680 683 2696 n.
699 2673 808 2696 Lxxvnl
823 2679 836 2695 e
851 2673 967 2700 Lxxxn).
989 2672 1012 2695 Sl
1034 2673 1083 2695 noti

206 2719 279 2741 mehe
287 2719 329 2741 che
336 2719 404 2746 quisi
413 2719 478 2746 parla
486 2719 508 2741 di
517 2719 581 2741 volte
588 2719 626 2741 del
634 2718 731 2745 templo,
741 2724 754 2740 e
764 2718 806 2740 che
817 2717 896 2745 perclo
905 2723 988 2739 errano
997 2717 1085 2744 coloro,

206 2762 215 2784 1
228 2763 291 2790 quali
305 2763 407 2786 credone
421 2764 464 2786 che
477 2763 667 2786 l’abbattimento
681 2763 719 2784 del
733 2763 828 2789 preteso
847 2762 926 2784 antico
947 2761 1039 2784 soffltto
1062 2762 1084 2783 di

191 2806 274 2834 ‘legno
287 2807 372 2830 dorato
386 2813 400 2830 e
413 2808 435 2830 la
449 2809 575 2835 copel-tura
590 2807 691 2829 murarla
706 2807 766 2829 della
780 2806 858 2828 chiesa
873 2805 965 2828 fossero
979 2811 1051 2833 opera
1062 2806 1085 2827 dl

205 2849 318 2873 OEacomo
332 2851 362 2873 da
376 2851 465 2874 Candia
479 2851 516 2873 nel
532 2851 592 2878 1437,
607 2857 619 2873 e
633 2851 676 2873 che
700 2852 836 2877 promotore
851 2849 872 2872 dl
889 2851 974 2877 questo
996 2849 1083 2877 grande

206 2894 287 2918 lavoro
301 2895 365 2918 fosse
379 2895 439 2918 frate
453 2896 556 2918 Martini)
577 2896 608 2918 da
629 2895 736 2918 Vercelli.
754 2895 784 2917 La
799 2895 863 2917 volta
877 2894 900 2916 di
915 2894 939 2916 S.
962 2894 1040 2916 Pietro
1062 2894 1085 2916 in

205 2939 254 2972 ciel
263 2939 331 2962 d'oro
345 2940 358 2962 ὲ
372 2940 402 2962 da
416 2940 553 2963 rimandarsi
567 2941 589 2963 al
604 2940 711 2968 generale
725 2940 807 2962 lavoro
821 2939 843 2961 dl
859 2941 975 2966 restauro,
994 2939 1087 2960 antece-

205 2977 276 3007 dente
288 2989 381 3013 appena
395 2985 418 3007 dl
433 2986 532 3013 qualche
545 2991 607 3007 anno
621 2985 666 3007 alla
680 2984 862 3007 consacrazlone
876 2984 913 3006 del
924 2983 1012 3010 templo
1026 2982 1086 3005 fatta

205 3027 236 3051 dn
250 3029 380 3052 lnnocenzo
394 3030 412 3052 ll
427 3035 497 3052 verso
511 3030 526 3052 11
543 3030 601 3052 1132.
617 3029 674 3052 vedi
689 3031 745 3052 note
759 3029 781 3051 al
796 3029 848 3051 doc.
864 3034 886 3050 n.
902 3028 958 3051 XVl.

259 3074 291 3101 (2)
303 3074 362 3097 Vedl
375 3075 397 3097 al
411 3075 464 3097 doc.
479 3081 502 3097 n.
518 3075 616 3098 Lxxnl.

258 3118 292 3144 (3)
304 3119 424 3142 Maleatas
444 3120 467 3141 ln
488 3120 544 3142 tutti
559 3119 566 3142 1
580 3119 692 3142 contram
708 3119 820 3146 pittorici,
835 3118 886 3140 sino
901 3118 946 3140 alla
961 3116 1023 3139 meta
1044 3116 1081 3138 del

205 3162 286 3186 aeolo
299 3163 358 3191 va,
372 3163 386 3186 e
399 3163 530 3191 adoperato
544 3164 757 3192 promiscuamente
770 3169 814 3186 con
836 3163 905 3185 icona
920 3161 949 3184 ed
963 3167 1057 3184 ancona
1071 3166 1085 3183 a

1138 2583 1269 2610 significare
1285 2588 1315 2604 un
1329 2582 1427 2609 grande,
1439 2581 1530 2608 quadro
1545 2581 1567 2602 di
1584 2582 1694 2608 soggetto
1717 2580 1826 2607 religioso
1848 2579 1877 2601 da
1899 2579 2020 2601 collocat-si

1140 2627 1193 2650 sull'
1201 2627 1283 2649 altare.

1192 2672 1223 2696 (4)
1238 2665 1256 2693 Ε
1271 2671 1356 2698 questa
1370 2670 1392 2692 la
1407 2669 1481 2697 prima
1502 2669 1575 2696 volta,
1597 2669 1639 2690 che
1654 2669 1676 2690 in
1691 2668 1824 2690 documenti
1841 2667 1920 2694 pavesi
1932 2667 1951 2689 si
1963 2667 2020 2694 parli

1140 2716 1162 2738 di
1178 2715 1258 2743 organi
1273 2715 1332 2737 nelle
1346 2715 1431 2736 chiese.
1448 2713 1512 2735 Nella
1528 2713 1662 2735 Cattedrale
1677 2713 1699 2734 di
1715 2712 1786 2734 Pavia
1804 2712 1887 2734 furono
1898 2711 2021 2734 introdotti

1141 2761 1178 2782 dal
1188 2761 1296 2783 vescovo
1311 2759 1390 2781 Pietro
1405 2758 1493 2785 Grassi,
1509 2758 1551 2780 che
1566 2763 1609 2780 con
1625 2758 1764 2779 istrumento
1780 2757 1816 2778 del
1827 2757 1853 2779 23
1863 2756 1953 2783 Agosto
1970 2756 2018 2778 1421

1140 2804 1235 2827 costitui
1251 2804 1271 2826 le
1287 2803 1376 2825 rendite
1391 2808 1432 2829 per
1447 2808 1477 2824 un
1493 2802 1636 2829 Cappellano
1652 2809 1663 2819 «
1685 2802 1813 2823 instructus
1828 2801 1857 2823 ad
1880 2806 2020 2828 organorum

1139 2850 1295 2876 pulsationem
1319 2856 1339 2870 ».
1364 2847 1421 2870 Vedi
1444 2847 1471 2869 G.
1495 2847 1611 2873 Boslslo,
1641 2846 1738 2868 Docum.
1760 2846 1823 2868 (ned.
1843 2845 1908 2868 della
1932 2845 2019 2868 chiesa

1137 2899 1230 2921 pavese,
1247 2898 1300 2920 pag.
1318 2892 1362 2914 139.

1193 2937 1224 2963 (5)
1239 2937 1329 2963 Questo
1351 2942 1423 2964 passo
1438 2936 1450 2958 ὲ
1466 2935 1676 2963 importantissimo
1697 2940 1739 2962 per
1760 2934 1907 2961 distruggere
1928 2934 1949 2955 le
1971 2939 2022 2960 pre-

1141 2984 1199 3009 tese,
1215 2982 1257 3004 che
1271 2981 1381 3003 vedremo
1395 2986 1511 3003 avanzare
1526 2980 1547 3001 ai
1561 2980 1575 3002 9
1589 2980 1675 3007 glugno
1690 2979 1727 3001 del
1744 2979 1802 3001 1732.

1193 3027 1224 3052 (6)
1238 3026 1328 3049 Risulta
1343 3025 1438 3052 dunque
1453 3025 1495 3047 che
1510 3025 1524 3047 il
1539 3024 1647 3052 sepolcro
1665 3023 1687 3046 dl
1706 3023 1823 3046 oaleazzo
1834 3023 1852 3045 ll
1863 3022 1886 3045 fu
1897 3024 1973 3045 eretto
1984 3023 2020 3044 nel

1140 3071 1211 3098 luogo
1226 3070 1265 3098 piu
1281 3070 1358 3092 nobile
1372 3070 1432 3092 della
1447 3069 1534 3096 chiesa,
1548 3069 1599 3091 ciue
1620 3073 1703 3096 presso
1724 3068 1814 3090 l'altare
1836 3067 1954 3094 maggiore
1976 3067 2022 3088 nel-

1136 3115 1235 3138 vabside
1250 3115 1360 3141 centrale,
1376 3114 1398 3136 la
1412 3114 1449 3136 cul
1465 3115 1533 3136 tazza
1547 3113 1656 3140 (truyna)
1671 3112 1695 3134 fu
1710 3112 1832 3134 arrlcchita
1848 3112 1870 3133 dl
1882 3111 2019 3138 magniflche

1139 3159 1286 3182 decorationi
1301 3158 1434 3186 pittoriche.
1992 3182 2015 3202 2!
