2496 3600
1957 208 2018 247 127

294 348 509 390 Intrascripta
532 347 588 381 die
611 347 686 380 XXI
711 348 916 388 novembris,
941 349 974 380 in
1000 357 1131 381 camera
1155 349 1398 390 suprascripta,
1424 349 1456 380 in
1474 349 1707 390 suprascripto
1736 347 1900 389 Consilio,
1929 359 2020 382 more

115 402 159 459 ἶ]
204 412 306 447 solito
329 411 515 444 convocato
539 411 641 452 atque
666 412 883 452 congregato,
908 411 941 443 in
966 420 1035 452 quo
1059 410 1193 443 fuerunt
1218 411 1420 452 infrascripti
1445 409 1487 443 D.
1512 409 1726 452 Gasparinus
1751 411 1793 443 de
1819 411 1955 444 Tacolis
1973 412 2024 444 vi-

205 474 316 513 carius
339 473 604 516 suprascriptus,
630 471 804 506 Gerardus
829 471 1024 513 Garbatius,
1049 472 1217 506 Olivellus
1242 473 1284 506 de
1309 473 1490 512 Furnariis,
1515 472 1738 506 Branchellus
1763 472 1906 513 Bossus,
1940 473 2023 507 Gui-

203 529 326 571 iardus
350 534 559 578 Bisgaretus,
583 534 770 568 Nicolellus
795 534 960 575 Pezanus,
986 535 1152 568 lohannes
1177 535 1297 568 Petrus
1321 535 1363 568 de
1388 534 1595 577 Admiragio,
1620 534 1769 576 Arpinus
1805 534 1927 575 Broda,
1964 535 2026 569 Ot-

186 598 304 633 ‘tellus
327 598 370 631 de
393 595 568 639 (impello,
593 597 683 630 facta
715 599 815 639 posta
851 606 955 639 super
990 598 1151 630 relatione
1177 598 1265 630 facta
1290 607 1350 640 per
1374 598 1579 631 antedictum
1605 597 1646 630 D.
1672 597 1949 632 Referendarium
1991 600 2023 631 in

197 661 438 704 ,suprascripto
462 658 626 699 Consilio,
652 662 746 702 parte
772 660 912 693 illustris
936 661 1072 693 domine
1096 661 1232 693 domine
1268 660 1394 693 Blance
1430 661 1471 693 de
1508 659 1692 700 Sabaudia‚
1729 662 1790 694 etc.
1817 661 1849 693 in
1875 661 2025 694 favorem

118 710 152 769 '⁷13
203 723 331 757 domini
355 722 467 755 fratris
492 721 656 755 Bonifacii
683 722 725 755 de
749 721 940 764 Buttigellis
974 722 1124 764 magistri
1151 722 1183 754 in
1209 731 1306 755 sacra
1335 723 1459 764 pagina
1496 721 1634 755 Ordinis
1672 722 1943 762 Heoemitarum„
1963 725 2024 756 etc.

134 802 168 826 71
204 784 350 819 Predicti
375 793 521 826 namque
545 784 672 817 domini
699 783 853 817 Vicarius
877 786 910 817 et
934 783 1124 826 Sapientes,
1149 784 1303 817 volentes
1328 785 1527 817 execucioni
1553 784 1712 817 mandare
1737 794 1803 826 que
1820 786 1900 817 sunt
1917 786 2024 818 inten-

114 834 143 867 3²·
204 847 307 883 tionis
331 848 365 880 et
388 846 573 879 voluntatis
598 846 776 889 magnifice
808 845 952 879 Domine
988 846 1162 888 prelibate,
1199 847 1420 888 providerunt
1443 848 1475 879 et
1499 847 1741 879 ordinaverunt
1765 848 1797 879 in
1823 848 2024 880 executione

204 910 353 953 predicte
377 909 561 948 relationis,
586 909 678 950 quod
703 909 785 941 fiant
810 908 934 941 bullete
973 909 1207 950 suprascripto
1231 909 1322 941 fratri
1359 909 1534 942 Bonitacio
1559 909 1601 942 de
1625 911 1775 951 ternpore
1799 911 1956 951 preterito
1992 912 2025 943 et

122 965 173 1022 ᾗ
202 971 325 1012 futuro,
351 981 533 1014 quousque
559 971 708 1013 placebit
732 970 876 1004 Domine
903 971 1040 1013 prefate,
1066 971 1160 1004 iuxta
1185 980 1310 1004 morem
1336 971 1472 1004 solitum
1490 973 1521 1004 et
1534 972 1772 1005 continentiam
1791 973 2022 1014 suprascripte

206 1035 379 1069 relationis
403 1031 467 1076 (1).

1007 1182 1223 1223 LXVII.

233 1318 237 1324 .
291 1293 439 1324 Lascito
462 1293 736 1323 testamentario
760 1293 796 1322 di
822 1292 976 1322 Baldino
1001 1292 1100 1322 Gatti
1125 1301 1146 1322 a
1170 1293 1294 1322 favore
1319 1293 1355 1322 di
1379 1293 1470 1322 frate
1495 1293 1674 1322 Giovanni
1699 1294 1744 1323 da
1769 1293 1911 1323 Casale.

845 1417 1002 1450 1376,
1030 1417 1306 1450 gem1a109
1333 1419 1370 1442 1.

754 1505 832 1531 (Arch.
847 1505 929 1528 Notar.
944 1505 967 1528 di
983 1505 1054 1528 Pavia
1068 1517 1095 1520 —
1109 1505 1158 1528 Atn
1173 1505 1196 1527 di
1211 1505 1325 1528 Tomaino
1340 1505 1476 1533 mangano).

261 1647 408 1766 M
452 1665 651 1700 CCCLXXVI,
675 1661 730 1694 die
755 1661 864 1702 primo
889 1661 1042 1700 ianuarii,
1068 1661 1101 1693 in
1127 1660 1245 1702 Papia,
1271 1660 1436 1694 Baldinus
1462 1659 1576 1694 Gatus
1597 1660 1687 1693 filius
1713 1660 1886 1702 quondam
1904 1659 2034 1693 Princi-

474 1724 562 1757 valis
587 1724 630 1757 de
655 1723 731 1757 loco
756 1723 946 1764 luvenzani,
970 1724 1025 1756 nel
1047 1733 1108 1757 suo
1133 1725 1328 1757 testamento
1353 1724 1446 1756 dedit
1470 1725 1502 1756 et
1526 1723 1651 1765 legavit
1686 1723 1777 1768 fratri
1815 1722 1953 1755 Iohanni
1991 1723 2033 1755 de

475 1785 608 1820 Caxalli
633 1785 774 1820 Ordinis
798 1785 913 1821 Sancti
939 1786 1131 1830 Augustini,
1156 1787 1230 1820 eius
1254 1786 1454 1826 confessori,
1477 1787 1627 1819 florenos
1656 1788 1724 1819 tres
1749 1787 1782 1818 et
1806 1785 1924 1819 soldos
1949 1794 2035 1827 qua-

205 1849 282 1883 tuor
305 1850 499 1892 papienses,
525 1859 587 1892 pro
611 1850 727 1883 missis
751 1851 783 1883 et
807 1850 934 1883 divinis
958 1850 1081 1883 officiis
1107 1849 1321 1882 celebrandis
1346 1858 1408 1891 pro
1432 1846 1544 1882 anima
1580 1849 1690 1891 ipsius
1715 1849 1897 1881 testatoris.

999 1997 1241 2038 LXVIII.

297 2107 404 2138 Frate
429 2108 616 2139 Bonifacio
640 2108 834 2146 Bottigella
858 2110 878 2138 ὲ
902 2109 1082 2139 chiamato
1114 2109 1355 2138 esaminatore
1379 2117 1441 2146 per
1465 2108 1501 2138 la
1525 2108 1649 2138 laurea
1681 2107 1717 2137 di
1750 2107 1952 2145 Guglielmo
1988 2107 2031 2136 de

209 2161 410 2192 Advocatis
434 2161 492 2192 dei
517 2162 662 2192 Minori.

827 2231 984 2265 1:378,
1013 2231 1295 2265 iebbraio,
1324 2232 1415 2258 23.

754 2319 907 2347 (MAroccfflz
924 2320 981 2343 Cod.
997 2320 1095 2348 dlplom.
1111 2319 1169 2343 dell'
1179 2320 1246 2343 Univ.
1262 2320 1308 2342 vol.
1325 2320 1341 2348 l,
1358 2326 1412 2348 pag.
1427 2319 1474 2345 51).

285 2461 392 2579 D
455 2479 488 2508 ΙΕ
512 2474 616 2517 XXIIJ
653 2474 822 2508 februarii.
849 2474 964 2508 Frater
998 2473 1204 2508 Guillelmus
1239 2475 1282 2508 de
1319 2474 1506 2507 Advocatis
1543 2474 1752 2516 presentavit
1788 2473 1916 2506 litteras
1951 2482 2034 2506 exa-

475 2538 575 2571 minis
611 2537 664 2570 sui
690 2538 722 2570 in
748 2546 846 2571 sacra
881 2538 1006 2580 pagina
1031 2537 1123 2570 fratri
1148 2536 1296 2570 Antonio
1332 2537 1374 2569 de
1411 2535 1593 2576 Gallarate,
1619 2538 1681 2569 etc.
1707 2538 1740 2568 et
1765 2536 1838 2577 ipse
1863 2535 1964 2577 elegit
1987 2535 2030 2568 ad

473 2609 618 2634 examen
642 2600 723 2633 dicti
748 2599 860 2633 fratris
884 2598 1056 2633 Guillelmi
1081 2598 1255 2632 dominum
1273 2599 1480 2641 Episcopum
1498 2599 1708 2641 papiensem,
1726 2599 1922 2641 magistrum
1941 2598 2034 2631 Mar-

211 2663 317 2696 tinum
342 2663 384 2696 de
409 2660 459 2704 (in
483 2660 620 2704 blanco)
645 2662 882 2705 provintialem
907 2662 1076 2704 provintie
1101 2662 1276 2695 ianuensis
1304 2663 1337 2695 et
1365 2662 1562 2709 magistrum
1588 2660 1801 2694 Bonifacium
1841 2659 2030 2703 Butigelam
2058 2676 2061 2678 Δ

211 2727 400 2767 presentes,
424 2727 486 2760 etc.
512 2724 634 2759 Actum
660 2725 693 2758 in
718 2723 906 2767 episcopali
932 2724 1059 2767 palatio
1084 2724 1200 2766 Papie.
1227 2724 1360 2764 Testes,
1385 2726 1448 2757 etc.

217 2883 286 2906 vnto
299 2888 391 2912 ampo,
406 2884 429 2906 ln
442 2883 479 2906 cul
494 2883 554 2906 ebbe
567 2882 598 2906 ad
612 2883 744 2905 eser-citarat
758 2888 803 2905 con
823 2888 896 2905 onore
914 2882 1037 2909 l'ingegno
1058 2882 1094 2904 del
1149 2882 1208 2904 obiit
1222 2883 1246 2904 et
1260 2882 1368 2909 sepultus
1382 2881 1426 2904 tuit
1440 2881 1568 2903 incivitate
1579 2880 1711 2903 Placentiae
1721 2880 1743 2902 in
1754 2881 1852 2903 ecclesia
1865 2880 1964 2904 tratrum
1975 2881 2029 2903 Ere-

217 2928 290 2951 noetrl
313 2928 423 2956 religiosi.
447 2928 478 2951 Le
501 2928 580 2950 ituree
602 2928 691 2950 solenni
713 2927 732 2950 sl
754 2926 904 2950 confer-ivano
918 2926 956 2949 dal
977 2927 1093 2954 vescovo,
1148 2927 1265 2954 mirarum,
1282 2926 1352 2948 irater
1367 2926 1480 2948 lohannes
1495 2925 1617 2948 senardus
1632 2925 1661 2948 de
1676 2925 1748 2952 Papia
1763 2925 1878 2948 maximus
1893 2926 2003 2953 magister
2018 2926 2040 2948 in

216 2972 352 2996 antennae
365 2972 563 3000 dell'univmne,
577 2972 637 2995 nella
651 2971 794 2995 cattedrale.
809 2971 838 2994 Di
853 2971 966 2994 OEovanni
983 2971 1093 2998 Velm-do,
1147 2977 1214 2993 sacra
1228 2971 1346 2998 theologia
1361 2972 1384 2993 et
1399 2970 1511 2993 mirabilis
1525 2970 1673 2997 praedicator
1686 2977 1709 2994 »-

130 3001 144 3022 ⁴²¹
168 3029 170 3031 v
217 3021 234 3040 ο
247 3017 332 3045 meglio
340 3017 449 3046 Bellardi,
459 3018 576 3040 trovlnmo
583 3017 620 3040 nel
632 3016 719 3040 chron.
729 3016 837 3040 Placent.
847 3017 870 3038 ln
880 3016 1026 3043 MURATom,
1034 3015 1090 3039 Rer.
1198 3014 1228 3041 (l)
1243 3015 1271 3038 Di
1285 3015 1346 3038 irate
1360 3015 1480 3038 Bonitacio
1495 3014 1628 3042 Bottigella.
1638 3013 1676 3042 gia
1686 3013 1805 3037 ricordato
1814 3014 1850 3036 nel
1861 3014 1915 3038 doe.
1925 3020 1948 3038 n.
1958 3014 2025 3042 XLV,

218 3060 272 3085 12⁶1.
287 3061 368 3090 script.
383 3062 430 3085 vol.
444 3062 503 3090 XVl,
517 3062 562 3085 eol.
580 3062 621 3085 5⁴7
629 3068 635 3084 :
657 3069 670 3080 «
682 3061 750 3084 Anno
770 3061 857 3084 Christi
877 3060 1092 3087 mcceLxxxvn,
1146 3061 1270 3087 sapplamo
1284 3060 1326 3082 che
1339 3059 1364 3082 tu
1379 3060 1495 3083 ehlnmato
1509 3059 1554 3082 alla
1569 3059 1674 3082 cattedrn
1689 3058 1711 3081 dl
1726 3058 1828 3086 teologin
1838 3058 2026 3082 nen’Universiza
