2496 3600
1988 262 2032 294 43

209 394 349 430 Ordinis
373 394 523 428 Fratrum
550 378 795 428 Heremitarum
831 393 945 427 Sancti
971 394 1164 436 Augustini,
1200 394 1302 427 frater
1326 393 1560 426 Lanfranchus
1585 393 1627 426 de
1653 393 1851 426 Mediolano
1877 394 1909 426 in
1935 403 2032 426 sacra

209 457 380 500 theologia
403 457 566 500 magistri,
590 458 623 490 et
645 457 748 490 frater
771 456 969 499 Raynaldus
994 457 1036 489 de
1061 456 1177 489 Brixia
1202 455 1298 489 Prior
1322 455 1547 488 Provincialis
1572 456 1605 488 in
1630 456 1806 497 provincia
1832 455 2032 488 Lombardie

209 519 290 553 dicti
314 517 464 559 Ordinis,
489 519 623 552 nomine
648 520 680 552 et
704 519 779 552 vice
805 519 914 561 ipsius
939 517 1078 551 Ordinis
1104 518 1358 558 Heremitarum,
1383 518 1556 550 constituti
1575 518 1607 549 in
1625 518 1803 558 presencia
1828 517 2033 550 venerabilis

210 581 272 614 viri
299 581 427 614 domini
451 580 563 614 fratris
587 580 736 622 Philippi
762 580 907 620 abbatis,
933 580 1044 613 fratris
1070 579 1176 620 Carli,
1201 580 1313 613 fratris
1350 579 1507 619 Rubaldi,
1543 579 1655 611 fratris
1691 577 1886 618 Christiani,
1921 579 2033 612 fratris

209 639 362 676 Olliverii
386 645 419 676 et
442 629 716 685 fratrisssGeorgii
742 643 982 676 canonicorum
1008 643 1201 675 monasterii
1227 641 1342 675 Sancti
1367 641 1457 674 Petri
1483 641 1515 673 in
1541 641 1615 674 celo
1639 650 1743 674 aureo
1761 641 1936 682 papiensis
1958 651 2035 682 pre-

208 704 300 744 dicti,
324 705 385 744 eis,
410 705 545 737 nomine
566 694 760 737 'conventus
785 704 865 737 dicti
891 705 1096 743 monasterii,
1122 705 1403 745 presentaverunt
1421 703 1548 736 litteras
1566 703 1782 735 executorias
1800 703 2033 744 infrascriptas

208 766 334 800 domini
360 766 535 799 Bertrandi
561 767 784 799 miseracione
809 766 925 799 divina
950 765 1073 799 Sancte
1109 766 1218 799 Marie
1244 766 1277 798 in
1302 765 1431 807 Aquiro
1467 765 1602 798 diaconi
1639 763 1842 804 Cardinalis,
1879 765 2032 798 eiusdem

208 829 334 862 domini
359 827 535 862 Bertrandi
560 837 641 861 vero
666 828 779 870 sigillo
804 837 879 861 cere
909 829 1120 870 appensione
1157 822 1315 867 munitas,
1352 830 1448 860 tenor
1483 836 1625 869 quarum
1663 827 1845 860 litterarum
1882 828 2034 860 noscitur

208 899 286 924 esse
310 890 405 924 talis:
1049 924 1052 925 ⁷

296 951 514 992 Bertrandus,
539 955 602 986 etc.
627 950 720 994 (vedi
741 953 869 986 docum.
894 962 924 986 η,
949 953 1034 986 XIV
1054 953 1108 986 del
1134 953 1175 986 19
1200 952 1334 994 Giugno
1362 950 1472 994 1327).

297 1014 338 1047 Et
361 1015 487 1047 ibidem
513 1015 632 1057 prefati
657 1015 784 1048 domini
809 1015 911 1048 frater
935 1014 1139 1048 Guillelmus
1164 1014 1260 1048 Prior
1284 1014 1474 1054 Generalis,
1499 1015 1600 1048 trater
1624 1015 1867 1054 Lanfranchus,
1882 1014 2032 1056 magistri

207 1078 240 1110 et
255 1076 356 1110 frater
372 1076 569 1119 Raynaldus
590 1078 670 1110 dicti
689 1076 828 1110 Ordinis
853 1077 1110 1117 Heremitarum,
1136 1078 1272 1110 nomine
1290 1077 1400 1119 ipsius
1425 1076 1576 1117 Ordinis,
1594 1077 1724 1110 eisdem
1750 1077 1889 1109 domino
1907 1076 2031 1109 Abbati

207 1140 240 1172 et
263 1137 458 1179 Canonicis,
484 1149 600 1172 eorum
625 1142 658 1173 et
682 1140 866 1173 cuiuslibet
890 1140 1041 1181 ipsorum
1067 1140 1202 1172 nomine
1227 1141 1260 1172 et
1285 1139 1419 1172 nomine
1450 1140 1563 1172 tocius
1599 1138 1747 1181 Capituli
1774 1141 1806 1171 et
1831 1137 2031 1172 Conventus

206 1201 287 1234 dicti
314 1202 507 1234 monasterii
533 1200 648 1235 Sancti
674 1201 775 1241 Petri,
801 1202 1093 1234 denunciaverunt
1117 1203 1150 1234 et
1174 1211 1250 1234 cum
1276 1202 1442 1234 instancia
1468 1202 1725 1243 requixiverunt
1762 1203 1931 1243 quatenus
1956 1210 2033 1243 pre-

205 1262 296 1296 dicta
313 1263 428 1296 omnia
444 1266 476 1296 et
493 1264 640 1306 syngula
657 1273 723 1305 que
741 1264 774 1296 in
791 1263 954 1305 predictis
972 1263 1091 1296 litteris
1116 1264 1323 1296 executoriis
1340 1272 1380 1296 ac
1398 1263 1611 1303 municionis,
1627 1264 1871 1305 requixicionis
1889 1265 1921 1296 et
1939 1273 2033 1296 man-

207 1325 274 1364 dati
292 1325 514 1366 continentur,
532 1335 608 1359 curn
626 1326 747 1359 effectu
765 1326 881 1358 debito
898 1326 1045 1358 debeant
1061 1326 1258 1367 adimplere,
1275 1325 1440 1358 facientes
1457 1326 1552 1367 ipsas
1570 1326 1697 1358 litteras
1714 1326 1876 1367 predictis
1894 1326 2032 1358 domino

206 1386 330 1421 Abbati
355 1390 388 1421 et
412 1386 607 1428 Canonicis,
632 1397 748 1421 eorum
774 1390 806 1421 et
830 1389 922 1421 dicto
946 1389 1093 1428 nomine,
1117 1388 1283 1430 publicari
1309 1390 1341 1421 et
1366 1388 1431 1430 legi
1457 1388 1500 1421 de
1525 1389 1631 1421 verbo
1656 1388 1698 1421 ad
1724 1388 1865 1421 verbum
1891 1397 1951 1429 per
1979 1397 2031 1420 me

206 1450 371 1483 notarium
396 1450 657 1492 infrascriptum,
682 1460 722 1483 ac
747 1451 928 1484 offerentes
952 1459 990 1484 se
1015 1450 1144 1483 eisdem
1169 1450 1308 1483 domino
1333 1449 1457 1483 Abbati
1483 1452 1515 1483 et
1540 1449 1725 1483 Canonicis
1750 1450 1792 1482 de
1818 1450 1947 1482 eisdem
1981 1450 2032 1482 lit-

205 1512 286 1545 teris
309 1512 443 1554 copiam
469 1512 641 1545 exhibere.
667 1511 734 1551 Qui
759 1513 896 1554 quidem
921 1512 1081 1545 dominus
1106 1511 1224 1545 Abbas
1249 1514 1282 1545 et
1306 1510 1482 1552 Canonici,
1497 1522 1612 1545 eorum
1631 1514 1663 1545 et
1680 1512 1862 1545 cuiuslibet
1880 1512 2031 1553 ipsorum

206 1574 240 1607 et
263 1574 343 1607 dicti
368 1575 562 1607 monasterii
587 1574 734 1614 nomine,
760 1575 929 1607 mandatis
953 1575 1034 1607 dicti
1059 1574 1186 1607 domini
1212 1573 1416 1614 Cardinalis,
1442 1575 1509 1607 imo
1533 1575 1633 1607 etiam
1662 1574 1873 1616 apostolicis,
1892 1574 2032 1615 cupien-

205 1637 257 1670 tes
281 1637 426 1670 totaliter
449 1637 600 1677 obedire,
625 1637 720 1679 ipsas
746 1637 873 1670 litteras
897 1637 1052 1670 eiusdem
1078 1637 1205 1670 domini
1231 1635 1424 1670 Cardinalis
1449 1637 1643 1670 executoris
1661 1639 1696 1669 ut
1713 1646 1828 1678 supra,
1846 1646 1922 1669 cum
1940 1637 2031 1669 omni

205 1707 272 1740 qua
296 1698 410 1732 decuit
434 1699 629 1732 reverencia
654 1701 864 1740 receperunt.
889 1699 930 1732 Et
955 1699 1110 1732 volentes
1134 1699 1247 1732 omnia
1271 1701 1303 1731 et
1328 1699 1474 1741 syngula
1498 1708 1564 1740 que
1590 1699 1623 1731 in
1648 1699 1749 1731 dictis
1774 1699 1893 1731 litteris
1925 1699 2033 1731 conti-

205 1762 326 1794 nentur
349 1761 569 1794 effectualiter
592 1761 789 1803 adimplere,
814 1761 921 1794 salvis
945 1763 1057 1794 tamen
1082 1762 1241 1794 omnibus
1267 1762 1397 1794 iuribus
1425 1761 1591 1794 dictorum
1610 1761 1736 1793 domini
1756 1760 1900 1793 Abbatis
1917 1763 1949 1793 et
1967 1759 2033 1794 Ca-

204 1822 401 1856 nonicorum
425 1825 458 1856 et
482 1823 562 1856 dicti
588 1823 794 1863 monasterii,
812 1823 901 1856 idem
919 1823 1079 1856 dominus
1104 1822 1223 1856 Abbas
1240 1825 1272 1856 et
1289 1821 1454 1856 Canonici
1473 1823 1644 1862 antedicti,
1663 1823 1837 1864 predictos
1854 1823 2029 1855 dominum

204 1883 337 1918 tratrem
351 1883 570 1926 Guillelmum
584 1884 734 1918 Priorem
748 1884 961 1925 Generalem,
975 1885 1110 1918 fratrem
1129 1885 1375 1918 Lanfranchum
1390 1888 1422 1918 et
1444 1885 1579 1918 fratrem
1605 1885 1829 1927 Raynaldum,
1848 1886 1982 1918 nomine
2001 1887 2033 1918 et

206 1946 281 1980 vice
312 1947 423 1980 tocius
451 1946 590 1980 Ordinis
615 1947 766 1980 Fratrum
789 1947 1044 1987 Heremitarum,
1071 1948 1103 1980 in
1129 1948 1386 1989 possessionem
1412 1947 1557 1981 ecclesie
1590 1948 1670 1980 dicti
1697 1948 1891 1980 monasterii
1917 1946 2031 1980 Sancti

207 2007 307 2048 Petri,
321 2009 379 2042 ubi
403 2018 530 2051 corpus
554 2008 648 2043 Beati
674 2008 855 2052 Augustini
870 2009 996 2042 residet
1009 2009 1219 2049 tumulatum,
1241 2012 1428 2051 posuerunt
1442 2012 1474 2042 et
1488 2010 1758 2049 introduxerunt,
1779 2010 1874 2042 iuxta
1890 2009 2031 2042 formam

207 2072 240 2104 et
262 2072 411 2110 tenorem
436 2071 585 2104 mandati
609 2071 789 2113 apostolici
815 2073 848 2104 et
872 2071 1066 2104 executoris
1091 2072 1330 2113 predictorum:
1357 2072 1573 2114 assignantes
1591 2072 1720 2104 eisdem
1739 2071 1923 2110 Fratribus,
1940 2071 2032 2104 dicto

206 2133 351 2173 nomine,
376 2132 511 2166 stallum
525 2133 557 2165 in
571 2133 676 2166 choro
700 2133 845 2167 ecclesie
859 2134 939 2167 dicti
954 2134 1160 2173 monasterii,
1174 2135 1206 2167 et
1219 2134 1340 2167 dantes
1354 2134 1484 2167 eisdem
1498 2136 1530 2166 et
1545 2134 1576 2166 in
1591 2143 1707 2167 eorum
1723 2134 1880 2166 manibus
1898 2142 2031 2175 pannos

207 2194 321 2228 altaris
345 2195 490 2228 ecclesie
514 2195 683 2228 antedicte
707 2196 740 2228 in
765 2196 900 2238 signum
925 2196 1074 2229 omnium
1101 2196 1354 2237 premissorum.
1381 2195 1421 2228 Et
1446 2196 1523 2229 inde
1549 2196 1661 2229 dictus
1686 2195 1800 2228 Frater
1828 2194 2031 2228 Guillelmus

207 2255 303 2290 Prior
325 2255 514 2297 Generalis,
538 2257 640 2290 frater
663 2257 906 2298 Lanfranchus‚
932 2258 1094 2300 magistri,
1119 2260 1152 2291 et
1176 2258 1277 2291 trater
1301 2257 1499 2300 Raynaldus
1524 2257 1760 2297 Provincialis,
1786 2259 1921 2290 nomine
1950 2258 2029 2290 dicti

207 2317 346 2353 Ordinis
371 2319 626 2360 Heremitarum,
651 2322 684 2353 et
708 2321 788 2353 dicti
825 2321 984 2354 dominus
1009 2320 1128 2354 Abbas
1152 2322 1185 2354 et
1209 2319 1374 2354 Canonici
1411 2330 1527 2353 eorum
1561 2321 1695 2353 nomine
1721 2322 1754 2353 et
1779 2321 1913 2353 nomine
1950 2321 2030 2352 dicti

208 2381 412 2421 monasterii,
426 2382 490 2415 hoc
504 2382 678 2424 publicum
693 2383 951 2416 instrumentum
965 2383 1036 2416 fieri
1051 2385 1265 2425 rogaverunt,
1279 2383 1496 2425 presentibus
1510 2383 1658 2416 dominis
1672 2382 1772 2415 Petro
1790 2383 1832 2415 de
1847 2382 2030 2421 Landultis,

209 2441 374 2487 Gregorio
398 2443 550 2478 Piscario
575 2445 751 2487 utriusque
765 2445 848 2478 iuris
862 2446 990 2487 peritis,
1008 2445 1157 2478 Martino
1175 2444 1275 2485 Gato,
1294 2445 1441 2478 Iohanne
1467 2445 1657 2487 Mangiaria
1683 2447 1715 2478 et
1733 2444 1891 2477 Alcherio
1910 2444 2029 2484 Fabro,

205 2506 350 2539 testibus
373 2507 417 2540 ad
443 2506 596 2548 predicta
621 2507 754 2540 vocatis
779 2507 976 2549 specialiter
1000 2509 1033 2540 et
1058 2507 1197 2550 rogatis.

297 2568 369 2611 Ego
393 2567 606 2611 Augustinus
630 2567 828 2602 Panizarius
852 2569 1017 2611 imperiali
1042 2570 1241 2602 auctoritate
1271 2569 1431 2611 publicus
1468 2569 1644 2611 papiensis
1681 2568 1842 2608 notarius,
1868 2569 2030 2610 predictis

209 2630 367 2664 omnibus
391 2631 472 2664 dum
497 2633 676 2673 agerentur
701 2640 767 2664 una
791 2640 868 2664 cum
892 2631 1038 2664 testibus
1063 2631 1308 2673 suprascriptis
1332 2640 1475 2673 presens
1500 2631 1546 2663 tui
1565 2633 1597 2663 et
1616 2631 1680 2663 hoc
1706 2630 1880 2671 publicum
1907 2631 2031 2663 instru-

209 2694 355 2726 mentum
380 2693 502 2726 tradidi
527 2694 560 2726 et
584 2693 706 2735 scripsi
731 2702 912 2735 meumque
937 2702 1060 2726 nomen
1084 2695 1117 2727 et
1141 2694 1276 2736 signum
1301 2693 1447 2735 apposui
1474 2695 1686 2726 consuetum.
