2496 3600
1937 271 1981 304 35

84 383 129 438 >J
164 408 316 459 mande,
340 407 444 440 frater
468 405 613 440 lacobus
636 405 679 438 de
705 404 812 440 Roma
834 404 998 437 diffinitor
1021 406 1053 437 et
1077 404 1298 446 provincialis
1334 407 1508 446 provincie
1544 417 1680 443 romane
1697 409 1759 452 (1),
1792 413 1892 446 frater
1915 415 1985 448 Au—

163 470 324 517 gustinus
348 469 392 502 de
416 467 576 502 Gonaldo
601 467 822 510 provincialis
847 469 879 499 et
903 466 1065 499 diffinitor
1089 467 1264 508 provincie
1290 467 1396 500 Vallis
1421 467 1560 510 Spoleti,
1578 470 1679 504 frater
1697 473 1839 508 lacobus
1857 477 1898 510 de
1915 478 1985 510 An-

165 541 253 567 cona
276 530 498 574 provincialis
522 531 554 564 et
577 529 742 563 diffinitor
766 530 941 571 provincie
966 529 1120 561 Marchie
1145 527 1357 562 Anconitane
1374 528 1436 570 (2),
1474 531 1574 565 irater
1598 533 1718 568 Petrus
1743 536 1785 569 de
1811 537 1984 580 Hungaria

164 594 326 628 diffinit&
361 593 537 636 provincie
573 591 756 634 Hungarie,
793 591 895 624 frater
929 591 1115 624 Warnerus
1139 591 1181 624 de
1207 590 1406 625 Alamannia
1442 594 1605 627 diffinitor
1639 598 1812 638 provincie
1846 600 1927 635 Reni
1953 605 1985 636 et

101 697 104 704 ἱ
167 655 303 696 Svevie,
326 655 429 688 frater
451 654 637 688 Warnerus
661 654 704 687 de
731 653 918 695 Ratispona
943 653 1106 686 diffinitor
1129 654 1304 695 provincie
1322 653 1460 688 Boemie
1478 658 1510 688 et
1527 656 1681 699 Bavarie,
1699 659 1800 693 frater
1817 662 1986 698 Martinus

87 715 119 764 ’
166 719 209 753 de
234 718 376 751 Mantua
401 717 563 750 diffinitor
587 716 762 758 provincie
789 715 942 749 Marchie
968 715 1150 755 Trivizine,
1176 715 1290 748 Frater
1314 715 1441 758 Symon
1466 718 1509 751 de
1534 718 1637 753 Stella
1662 722 1825 756 diffinitor
1848 727 1987 766 provin—

167 781 219 815 cie
243 779 405 822 Yspanie,
442 779 544 812 frater
579 777 716 812 Simeon
741 778 784 811 de
810 777 962 811 Venusio
994 778 1214 819 provincialis
1239 780 1271 811 et
1295 779 1458 812 diffinitor
1493 782 1667 822 provincie
1703 783 1808 827 Regni
1845 786 1986 828 Apulee,

166 839 268 877 frater
291 841 445 884 Angelus
469 842 512 875 de
536 840 661 875 Sancta
686 839 777 874 Gilia
802 840 964 873 diffinitor
989 841 1164 882 provincie
1189 840 1292 874 Terre
1319 842 1470 883 Laboris,
1497 843 1596 877 frater
1629 844 1816 888 Dyonisius
1842 850 1884 883 de
1908 851 1987 884 Mu-

170 906 242 940 tina
265 904 429 938 diffinitor
452 904 628 946 provincie
653 904 792 945 pissane
808 900 870 944 (3),
895 902 998 935 frater
1021 902 1217 942 Remondus
1243 904 1284 936 de
1310 903 1433 937 Cervia
1458 906 1619 940 diffinitor
1643 910 1817 950 provincie
1843 911 1990 946 Roman-

167 967 268 1007 diole,
292 967 395 1000 frater
419 966 586 1000 lohannes
610 966 653 999 de
678 965 813 998 Arelate
838 965 1059 1007 provincialis
1085 967 1117 998 et
1141 965 1303 998 diffinitor
1327 968 1503 1008 provincie
1531 968 1719 1010 Provincie‚
1745 971 1893 1014 Capituli
1919 974 1988 1008 Ge-

91 1038 121 1072 ς·
168 1029 291 1063 neralis
315 1029 395 1062 dicti
431 1028 571 1062 Ordinis
605 1028 850 1061 Heremitarum
876 1026 989 1061 Sancti
1008 1027 1189 1069 Augustini
1216 1027 1357 1062 Parisiis
1382 1030 1553 1070 celebrati,
1571 1041 1670 1072 anno,
1689 1034 1868 1075 indicione,
1885 1038 1939 1070 die
1957 1041 1990 1071 et

88 1087 93 1129 J
167 1091 244 1125 loco
256 1100 296 1125 ac
310 1091 514 1125 Pontificatu
532 1091 712 1133 predictis;
738 1090 772 1123 In
791 1091 969 1132 presencia
987 1090 1051 1123 mei
1069 1091 1189 1123 notarii
1208 1091 1333 1132 publici
1353 1094 1385 1124 et
1402 1093 1537 1126 testium
1556 1094 1846 1138 infrascriptorum
1864 1100 1906 1131 ad
1926 1101 1990 1133 hoc

103 1165 117 1195 2„
169 1155 366 1187 vocatorum
401 1155 434 1187 et
471 1155 676 1196 rogatorum,
701 1162 741 1186 ac
765 1153 914 1194 presenti
952 1152 1152 1185 diffinitione
1189 1154 1450 1187 commisserunt
1486 1158 1672 1190 reverendo
1709 1161 1793 1200 patri
1828 1162 1990 1203 magistro

169 1214 351 1250 Guillelmo
367 1217 410 1249 de
425 1215 603 1255 Cremona,
617 1224 714 1249 sacre
731 1216 854 1258 pagine
867 1215 1065 1257 professori,
1083 1214 1189 1247 Priori
1204 1217 1351 1257 generali
1366 1218 1519 1250 eiusdem
1534 1217 1683 1260 Ordinis,
1697 1221 1831 1262 plenam
1845 1226 1992 1257 auctori-

169 1280 270 1313 tatem
295 1279 492 1320 paciscendi
518 1287 595 1312 cum
621 1278 806 1311 venerabili
832 1280 927 1319 patre
952 1278 1091 1310 domino
1116 1277 1249 1311 Abbate
1267 1280 1299 1311 et
1317 1279 1486 1321 religiosis
1512 1282 1593 1314 viris
1618 1281 1818 1317 Conventus
1843 1284 1992 1319 Canoni-

169 1349 286 1375 corum
311 1340 526 1383 Regularium
544 1339 659 1374 Sancti
678 1339 766 1373 Petri
785 1341 817 1373 in
835 1340 910 1388 celo
926 1349 1030 1373 aureo
1044 1341 1232 1382 papiensis,
1247 1349 1351 1382 super
1363 1343 1541 1383 questione
1556 1353 1621 1384 que
1637 1346 1776 1378 vertitur
1790 1347 1874 1380 inter
1887 1357 1947 1381 eos
1960 1352 1993 1382 et

90 1400 126 1452 ἐξ
169 1392 332 1437 Ordinem
369 1403 559 1445 predictum
585 1412 629 1436 ex
655 1412 732 1443 una,
770 1402 937 1436 Abbatem
962 1405 995 1436 et
1019 1401 1233 1436 Conventum
1271 1403 1420 1445 prefatos
1457 1408 1550 1446 parte
1587 1415 1629 1439 ex
1666 1407 1782 1448 altera,
1819 1409 1860 1442 de
1896 1411 1992 1443 edifi-

168 1465 282 1500 cando
306 1466 416 1499 locum
441 1466 522 1499 dicti
548 1464 689 1499 Ordinis
725 1475 832 1508 prope
869 1466 1109 1498 monasterium
1147 1466 1313 1507 sepedicti
1346 1469 1535 1500 conventus
1560 1470 1591 1500 et
1616 1471 1842 1504 custodiendo
1867 1482 1992 1514 corpus

87 1521 121 1569 [Ἀζ-
170 1527 356 1571 gloriosum
379 1529 530 1562 doctoris
556 1529 646 1562 beati
671 1528 782 1561 Patris
807 1528 1001 1570 Augustini,
1026 1529 1216 1561 secundum
1242 1529 1383 1561 formam
1403 1530 1522 1562 indulti
1549 1530 1627 1563 facti
1654 1541 1715 1573 per
1739 1534 1992 1567 sanctissimum

83 1575 122 1634 4⁵7-
159 1591 301 1633 ,patrem
325 1593 359 1624 et
382 1591 556 1624 dominum
583 1593 734 1624 nostrum
771 1591 946 1623 dominum
972 1591 1154 1624 iohannem
1187 1590 1315 1632 Papam
1341 1591 1429 1624 XXll
1455 1593 1644 1633 predictum
1670 1593 1788 1627 Ordini
1816 1597 1993 1637 prelibato,

173 1654 207 1687 et
230 1653 419 1686 secundum
444 1653 698 1686 ordinacionem
723 1662 785 1695 per
808 1653 954 1686 eundem
979 1653 1152 1686 dominum
1190 1653 1318 1695 Papam
1355 1654 1478 1687 factam
1504 1664 1569 1696 que
1595 1657 1627 1688 in
1654 1656 1771 1690 litteris
1796 1660 1997 1700 apostolicis

135 1721 139 1724 ·
178 1714 255 1749 inde
279 1715 446 1749 confectis
471 1716 607 1758 plenius
633 1717 845 1749 continetur:
870 1718 903 1749 et
927 1716 1103 1758 obligandi
1129 1715 1291 1749 Ordinem
1317 1719 1350 1749 et
1375 1715 1591 1751 Conventum
1609 1728 1648 1752 ac
1666 1729 1831 1761 personas
1858 1721 1998 1755 Ordinis

92 1792 127 1821 J·
174 1779 208 1811 et
230 1777 449 1812 submittendi
475 1779 508 1811 in
534 1779 596 1812 hac
621 1779 715 1821 parte
741 1779 965 1812 iurisdictioni
991 1778 1349 1821 Archiepiscoporum,
1374 1782 1407 1813 et
1431 1780 1679 1822 Episcoporum
1694 1792 1998 1826 quorumcumque,

177 1847 239 1874 seu
263 1839 405 1874 aliorum
430 1841 580 1874 iudicum
605 1841 926 1880 ecclesiasticorum,
951 1850 990 1874 ac
1016 1842 1147 1874 iurandi
1174 1842 1206 1874 in
1231 1842 1363 1874 animas
1389 1841 1540 1884 ipsorum
1575 1843 1816 1886 Magistrorum
1854 1848 1885 1878 et
1922 1846 2001 1879 Fra-

179 1903 265 1936 trum
290 1905 323 1936 et
346 1904 494 1937 sanioris
518 1904 625 1946 partis
649 1902 800 1943 Ordinis,
826 1904 1009 1937 cuiuslibet
1033 1905 1168 1946 generis
1194 1905 1429 1945 iuramentum,
1455 1908 1487 1938 et
1512 1907 1547 1938 ut
1573 1906 1683 1939 valeat
1707 1908 1750 1940 ad
1776 1909 1943 1949 premissa
1968 1911 2000 1942 et

177 1965 312 2008 singula
335 1966 448 1999 omnia
473 1966 575 1999 alium
602 1966 655 1999 vel
680 1965 767 1999 alios
791 1967 1010 2006 substituere,
1035 1967 1256 2000 substitutum
1283 1967 1336 2000 vel
1362 1968 1568 2001 substitutos
1593 1978 1753 2002 revocare
1778 1972 1811 2003 et
1836 1971 1868 2003 in
1886 1979 1923 2003 se
1941 1980 2002 2004 au-

179 2027 365 2061 ctoritatem
390 2037 560 2062 resumere
585 2029 874 2071 quandocumque
898 2030 931 2062 et
955 2029 1268 2071 quocienscumque
1293 2030 1493 2063 iudicaverit
1527 2033 1742 2072 oportunum,
1768 2041 1807 2065 ac
1831 2034 1944 2066 omnia
1969 2035 2002 2066 et

178 2090 312 2133 singula
335 2090 446 2124 facere
471 2100 538 2133 que
563 2091 606 2124 ad
631 2092 919 2133 composicionem
957 2092 1181 2131 amicabilem,
1217 2093 1492 2132 transactionem,
1530 2102 1589 2126 seu
1624 2103 1875 2136 quamcumque
1900 2095 2000 2128 aliam

180 2153 444 2187 convencionem
469 2162 545 2186 cum
571 2153 716 2193 Abbate,
741 2152 921 2187 Conventu
939 2156 972 2187 et
989 2152 1175 2188 Canonicis
1193 2155 1381 2196 prelibatis,
1398 2164 1438 2188 ac
1455 2155 1609 2196 quolibet
1627 2157 1778 2197 ipsorum
1797 2157 2000 2189 coniunctim

178 2217 214 2248 et
235 2215 384 2255 divisim,
408 2216 509 2248 etiam
535 2216 563 2249 si
589 2215 671 2249 talia
695 2216 748 2249 vel
785 2216 900 2258 aliqua
936 2225 1053 2249 eorum
1090 2217 1284 2249 mandatum
1322 2217 1489 2250 dictorum
1526 2218 1768 2260 Magistrorum
1794 2221 1826 2251 et
1850 2218 2001 2251 Fratrum

181 2277 273 2320 exigi
297 2277 448 2320 speciale
473 2278 698 2312 iudicaverint
722 2276 902 2320 oportuna,
927 2280 959 2311 et
983 2279 1076 2320 quod
1102 2279 1290 2312 secundum
1316 2280 1494 2312 consilium
1520 2281 1713 2322 sapientum
1739 2281 1914 2322 predictus
1939 2281 2001 2313 do-

131 2337 133 2339 ’
181 2339 293 2374 minus
317 2339 413 2373 Prior
435 2339 614 2374 Generalis
639 2341 826 2383 predictam
851 2341 1094 2374 diffinicionem
1120 2342 1226 2383 redigi
1251 2341 1354 2374 faciat
1378 2342 1411 2374 in
1436 2342 1576 2375 formam
1603 2343 1786 2384 publicam,
1803 2344 2003 2376 auctoritate

95 2388 127 2431 ’ἦ
182 2409 246 2436 sua
269 2404 303 2436 ef
325 2411 453 2443 eorum,
478 2403 638 2437 addendo
663 2403 717 2436 vel
742 2404 964 2436 diminuendo
989 2404 1091 2436 modo
1116 2404 1173 2436 illo
1198 2413 1266 2446 quo
1291 2404 1334 2436 ad
1360 2406 1527 2446 premissa
1553 2405 1661 2446 magis
1687 2405 1798 2437 valere
1824 2406 1945 2446 poterit
1969 2407 2002 2437 et

184 2463 332 2505 debebit,
357 2467 489 2508 gratum
514 2467 547 2498 et
572 2467 679 2499 ratum
705 2466 850 2499 habituri
887 2466 967 2499 dicti
1004 2466 1160 2508 Magistri
1186 2468 1218 2499 et
1243 2466 1375 2499 Fratres
1410 2475 1475 2499 suo
1499 2469 1531 2499 et
1556 2467 1665 2499 tocius
1690 2466 1830 2500 Ordinis
1855 2467 1997 2508 predicti

185 2527 330 2567 nomine,
354 2527 523 2569 quidquid
559 2528 672 2561 dictus
708 2528 868 2562 dominus
904 2527 1000 2561 Prior
1031 2527 1210 2562 Generalis
1243 2529 1295 2562 vel
1321 2529 1527 2562 substitutus
1552 2538 1611 2562 seu
1638 2529 1810 2562 substituti
1836 2529 1879 2561 ab
1904 2539 1945 2562 eo
1970 2530 2003 2561 in

186 2589 362 2631 premissis
397 2591 526 2632 egerint
550 2592 583 2623 et
607 2590 761 2632 quolibet
797 2591 1036 2632 predictorum.
1074 2590 1297 2632 Requirentes
1322 2600 1373 2624 me
1406 2590 1591 2624 Guerinum
1630 2591 1800 2633 Burgandi
1838 2593 2004 2624 notarium

186 2651 360 2694 publicum
396 2652 648 2695 infrascriptum
686 2655 721 2685 ut
745 2653 931 2695 predictam
957 2653 1200 2686 diffinicionem
1226 2654 1258 2686 in
1284 2654 1456 2695 publicam
1494 2654 1633 2686 formam
1671 2654 1820 2695 redigam
1846 2656 1878 2687 et
1902 2655 2002 2696 signo

186 2722 261 2747 meo
284 2717 450 2748 consueto
466 2716 676 2758 consignem.
702 2715 788 2748 Acta
813 2715 947 2748 fuerunt
972 2716 1034 2748 hec
1059 2715 1211 2755 Parisiis,
1237 2717 1269 2748 in
1295 2716 1371 2749 loco
1388 2716 1554 2749 dictorum
1574 2715 1723 2748 Fratrum
1750 2715 2006 2756 Heremitarum,

215 2839 218 2842 ’
243 2845 275 2872 (i)
289 2846 360 2869 Pone
374 2846 387 2869 e
401 2847 426 2869 F.
442 2846 554 2870 Giacorno
569 2847 598 2869 da
614 2846 694 2874 Roma,
709 2847 751 2869 che
767 2847 802 2869 nel
829 2846 880 2869 1359
900 2846 923 2869 fu
946 2852 1071 2873 promosso

192 2888 238 2912 nlla
251 2889 308 2912 sede
321 2891 439 2914 vescovlle
453 2891 475 2913 di
491 2891 585 2913 Andria.
601 2891 658 2913 Vedi
674 2891 790 2917 TORELM,
806 2891 844 2917 Vi,
861 2891 905 2913 115.

246 2933 277 2961 (2)
291 2934 311 2957 Α
325 2937 411 2963 questo
425 2935 546 2963 Glacomo,
561 2936 581 2957 si
597 2935 655 2957 deve
670 2935 691 2957 la
706 2941 783 2957 nuova
798 2935 938 2957 fondazione
959 2935 996 2957 del
1018 2940 1071 2957 con-

194 2979 266 3001 vento
279 2978 303 3001 di
317 2979 420 3007 Ancona,
435 2979 458 3002 di
473 2980 510 3002 cui
525 2980 561 3001 nel
579 2980 630 3002 1338
643 2985 682 3002 era
692 2979 779 3002 Priore.
794 2979 911 3006 Τοκειιι,
927 2979 954 3006 ν,
969 2979 1016 3002 512.

250 3022 282 3048 (3)
304 3023 366 3046 Nato
379 3024 403 3046 in
417 3024 528 3052 Modena,
549 3024 612 3047 forse
635 3024 696 3046 dalla
717 3024 795 3046 nobile
816 3025 897 3046 casata
912 3024 948 3045 dei
971 3023 1073 3050 Restant,

196 3114 264 3133 nona
277 3110 302 3134 fu
317 3113 388 3139 posto
402 3117 468 3135 come
483 3112 602 3140 Reggente
615 3118 629 3135 a
644 3112 668 3135 S.
684 3112 763 3135 Pietro
777 3112 800 3134 in
815 3112 863 3135 ciel
879 3111 949 3134 doto
959 3111 982 3133 di
994 3111 1073 3138 Pavla,

195 3066 275 3090 Ιωάίὸ
288 3073 302 3090 e
315 3067 414 3095 insegno
427 3074 442 3090 a
457 3068 542 3096 Parlgl,
557 3068 638 3096 quindi
654 3068 691 3090 dal
707 3069 815 3095 generale
829 3068 960 3095 Guglielmo
975 3067 1004 3089 da
1024 3067 1078 3090 Cre-

197 3155 282 3182 ρεῐσὴὲ
302 3156 436 3184 invigilasse
450 3157 472 3179 la
493 3156 597 3180 fabbrlca
611 3162 625 3180 e
639 3157 750 3185 guldasse
765 3157 771 3179 i
787 3157 862 3179 novizl
878 3157 900 3178 di
923 3157 976 3183 quel
998 3162 1077 3178 mona-

1126 2849 1197 2869 stero.
1214 2847 1233 2869 Α
1249 2847 1319 2869 Pavia
1334 2847 1357 2869 fu
1373 2847 1395 2868 in
1411 2847 1526 2869 relazione
1541 2847 1600 2869 colla
1617 2847 1642 2869 Β.
1658 2846 1761 2869 Sibillina
1777 2846 1879 2869 Biscossi
1895 2848 2002 2869 terziaria

1128 2891 1293 2917 Domenicana;
1309 2897 1321 2913 e
1336 2891 1359 2912 fn
1375 2891 1452 2918 legato
1467 2891 1489 2913 in
1504 2892 1588 2913 strena
1609 2891 1714 2913 amicizia
1735 2891 1808 2913 anche
1829 2891 1865 2913 col
1888 2891 2006 2914 Petrarca.

1126 2935 1167 2957 Nel
1185 2935 1236 2958 1343
1249 2935 1294 2962 egli
1309 2935 1333 2957 fu
1348 2935 1421 2957 eletio
1435 2941 1448 2957 a
1463 2935 1589 2957 succedere
1604 2936 1640 2957 nel
1655 2936 1791 2962 gener-alato
1806 2941 1819 2957 a
1835 2935 1964 2962 Guglielmo
1975 2936 2004 2957 da

1126 2979 1248 3006 Cremona,
1263 2985 1276 3001 e
1291 2985 1355 3001 resse
1369 2984 1413 3001 con
1428 2979 1515 3006 grande
1530 2980 1581 3001 zelo
1595 2980 1616 3001 la
1631 2980 1707 3002 carica
1726 2979 1777 3002 sino
1791 2980 1813 3001 al
1830 2980 1888 3006 1345,
1911 2980 2005 3006 quando

1129 3023 1186 3045 mori
1201 3029 1215 3045 a
1230 3023 1335 3050 Colonia,
1350 3025 1439 3045 mentre
1453 3023 1553 3046 visitava
1568 3024 1589 3045 le
1603 3029 1657 3046 case
1672 3023 1820 3046 dell'Ordine.
1838 3024 1868 3046 La
1879 3029 1921 3046 sua
1933 3026 2007 3045 morte

1132 3068 1177 3094 agli
1199 3067 1344 3094 Agosnniani
1363 3067 1386 3089 dl
1409 3067 1488 3095 Pavia,
1510 3068 1588 3090 chela
1604 3069 1712 3095 mansero
1726 3069 1748 3090 in
1764 3068 1834 3090 modo
1855 3068 1964 3095 speciale,
1987 3069 2006 3089 si

1128 3111 1191 3134 disse
1205 3112 1345 3134 annunciata
1354 3112 1383 3134 da
1391 3118 1436 3134 una
1445 3112 1584 3134 rivelazione
1593 3112 1652 3134 della
1661 3112 1686 3134 Β.
1696 3112 1807 3134 Sibillina.
1818 3113 1875 3134 Vedi
1891 3112 2009 3138 TORELL1,

1130 3156 1158 3183 V,
1173 3161 1226 3183 pag.
1241 3156 1288 3179 558.
