2496 3600
478 147 541 181 112

473 281 562 314 tibus
585 283 625 315 te.
662 281 702 315 Et
727 282 868 315 iterum:
905 281 984 315 Fiat
1001 290 1074 324 pax
1097 282 1130 314 in
1156 281 1270 313 virtute
1293 281 1360 317 tua.
1387 281 1420 312 et
1444 278 1572 312 intulit:
1608 278 1653 312 Et
1674 278 1882 312 abundantia
1916 278 1950 311 in
1985 276 2126 311 turribus
2156 276 2233 310 tuis.
2257 274 2300 310 Et
2360 287 2392 318 -f

472 343 540 376 alio
565 343 659 377 loco:
687 343 819 378 Orietur
839 344 872 377 in
889 343 1006 377 diebus
1022 344 1094 376 eius
1109 343 1235 376 iustitia
1258 344 1291 375 et
1313 341 1520 375 abundantia
1539 341 1647 383 pacis.
1673 340 1713 374 Et
1737 340 1822 374 alio:
1859 339 2028 374 Mansueti
2049 337 2303 372 haereditabunt

472 407 589 438 terram
614 408 646 439 et
668 405 918 440 delectabantur
938 407 970 439 in
994 405 1200 438 multitudine
1219 405 1325 447 pacis,
1363 403 1403 437 Et
1428 412 1547 437 rursus
1570 403 1653 437 alio:
1688 403 1724 437 In
1743 411 1830 446 pace
1852 403 1886 437 in
1909 401 2053 445 idipsum
2083 401 2245 435 dormiam
2268 401 2303 434 et
2352 411 2381 454 'i'

451 466 684 510 'requiescam
711 468 863 511 Longum
889 471 941 501 est
965 468 1100 510 singula
1125 467 1299 510 prosequi.
1325 466 1376 500 Ex
1402 466 1530 509 quibus
1564 466 1698 500 elicitur
1733 467 1899 499 bonorum
1935 465 2087 499 omnium
2109 466 2213 507 atque
2237 472 2302 506 op-

471 530 624 563 tabilium
650 540 759 564 rerum
786 531 874 563 hunc
902 530 1038 563 unicum
1056 529 1182 562 fontem
1200 537 1290 569 esse,
1307 538 1377 571 quo
1393 530 1581 569 arescente,
1606 528 1797 562 succedunt
1809 529 1957 571 egestas,
1973 527 2124 561 taedium
2141 528 2175 560 et
2190 525 2299 560 labor.

470 591 562 631 Quid
587 595 699 626 autem
725 595 756 626 et
782 592 940 626 leremiae
977 593 1142 626 dicemus.
1179 592 1278 625 cuius
1313 591 1371 625 illa
1406 600 1475 625 vox
1501 591 1613 631 miror,
1637 591 1703 624 nisi
1727 591 1796 624 tuis
1819 589 2121 632 semper'auribus
2144 589 2298 622 insonet:
2355 629 2358 631 ¹

471 654 628 696 Quaerite
647 663 767 697 pacem
792 655 935 688 ciuitatis
958 656 991 687 et
1013 656 1104 687 orate
1115 663 1178 696 pro
1202 663 1243 687 ea
1267 654 1314 687 ad
1335 654 1525 692 Dominum,
1550 654 1630 695 quia
1654 654 1687 687 in
1707 661 1794 696 pace
1809 652 1899 686 illius
1915 653 1983 686 erit
1998 660 2072 694 pax
2096 650 2190 685 vobis
2203 650 2224 684 2
2246 649 2299 686 Ex
2351 642 2376 691 s

471 717 524 749 his
549 719 651 758 atque
677 716 847 749 similibus
884 715 1063 750 Sacrarum
1099 716 1305 750 testimoniis
1340 714 1601 758 Scripturarum,
1626 716 1659 749 in
1684 715 1812 758 quibus
1835 715 1990 758 apprime
2013 714 2152 747 doctum
2177 714 2209 747 te
2233 721 2299 756 pu-

468 780 593 819 tabam,
619 780 705 812 bene
730 779 772 812 de
798 781 841 819 te,
866 779 978 819 frater,
1002 779 1180 821 opinabar,
1204 781 1306 821 teque
1323 779 1421 821 pacis
1437 779 1584 812 amicum
1613 778 1694 812 mihi
1712 786 1951 821 persuaseram
1967 774 2030 819 (1).
2054 775 2124 811 Sed
2140 775 2295 816 fallebar,
2339 787 2364 822 ‘5'

470 843 505 874 ut
531 842 692 884 intelligo.
718 841 770 874 Tu
797 842 885 874 enim
911 842 977 875 sub
1002 839 1129 875 Christi
1165 842 1279 875 tunica
1315 841 1416 875 Marti
1453 850 1561 882 sacer,
1585 843 1619 875 et
1643 840 1805 874 Bellonae
1840 840 1998 874 devotior
2028 847 2131 882 quarn
2156 837 2301 879 Mariae,
2339 843 2363 867 ἵ

468 904 534 937 sub
560 904 709 946 religiosi
747 905 863 937 habitu
900 906 1020 947 tegens
1053 905 1267 947 propositum
1300 904 1485 944 bellatoris,
1509 913 1572 938 nec
1597 904 1631 937 id
1656 912 1794 946 quoque
1819 904 1886 937 iam
1909 905 2030 946 tegens
2054 902 2117 935 sed
2140 901 2244 935 dictis
2264 891 2359 947 01.ῖὲῥῖ

467 966 568 1000 tactis
592 967 762 1008 aperiens,
788 967 894 1000 relatu
920 967 1052 1007 mirum,
1076 967 1225 1000 terribile
1250 968 1411 1010 cogitatu,
1437 968 1469 1000 in
1494 976 1536 1000 eo
1560 967 1621 1001 tibi
1646 975 1813 1000 summam
1849 966 2044 999 meritorum
2068 966 2102 998 et
2125 962 2303 1006 felicitati}

468 1031 500 1062 et
525 1029 653 1072 gloriae
678 1030 778 1062 sitam
803 1032 915 1072 putes,
940 1030 969 1063 si
995 1031 1060 1063 hoc
1085 1030 1201 1063 videat
1224 1032 1320 1064 aetas
1345 1032 1471 1070 nostra,
1496 1031 1561 1064 hoe
1586 1030 1771 1072 posteritas
1794 1029 1922 1069 audiat,
1945 1030 1979 1062 te
2003 1027 2119 1061 multis
2135 1026 2299 1070 gentiunt

468 1094 501 1124 et
525 1092 584 1125 toti
610 1101 698 1134 pene
724 1092 838 1126 ltaliae
863 1093 1073 1135 pestiferum,
1098 1093 1228 1135 populo
1253 1095 1365 1126 autem
1389 1095 1448 1126 tuo
1472 1093 1645 1126 funestum
1669 1094 1703 1126 et
1725 1092 1873 1126 fortasse
1906 1091 2060 1125 ultimum
2085 1089 2212 1124 bellum
2239 1086 2314 1129 inq
2332 1086 2362 1139 ’ζ

468 1155 569 1196 genio
594 1155 736 1195 fovisse,
772 1156 956 1189 exacuisse
992 1156 1158 1196 consiliis,
1194 1156 1334 1198 eloquio
1358 1156 1600 1196 inflammasse,
1625 1157 1661 1189 ut
1684 1155 1758 1196 tibi,
1782 1163 1884 1198 quem
1901 1155 2118 1197 sequestrum
2142 1150 2242 1196 pacis
2259 1151 2305 1197 u,

467 1218 593 1259 quietis
617 1220 790 1251 auctorem
816 1219 957 1259 credidi,
982 1219 1048 1252 iarn
1074 1219 1194 1252 merito
1217 1219 1285 1252 dici
1311 1219 1423 1261 possit
1446 1219 1539 1262 quod
1565 1219 1631 1261 ipsi
1655 1218 1736 1252 olim
1773 1217 1932 1252 Ieremiae
1969 1216 2135 1250 immerito
2169 1215 2302 1250 dictum
2322 1230 2357 1270 ,1³³⁵

467 1282 538 1313 est:
564 1279 734 1322 Siquidem
758 1281 858 1314 homo
881 1281 935 1314 hic
958 1290 1023 1314 non
1047 1282 1178 1324 quaerit
1206 1290 1326 1324 pacem
1357 1281 1484 1324 populo
1507 1281 1570 1314 sed
1590 1281 1726 1315 malum.
1763 1280 1856 1314 Heu!
1891 1288 1970 1314 care
1994 1279 2075 1312 mihi
2100 1279 2134 1312 in
2158 1276 2301 1313 Chris&
2320 1299 2322 1301 v
2342 1281 2361 1326 J

467 1342 579 1383 frater,
604 1352 706 1385 quarn
733 1343 833 1376 valde
858 1353 979 1377 vereor
1003 1353 1044 1377 ne
1069 1345 1130 1377 tibi
1155 1353 1294 1387 quoque
1319 1344 1501 1378 conveniat
1536 1344 1630 1386 quod
1655 1343 1711 1376 ille
1736 1344 1789 1376 vir
1811 1343 1952 1386 sapiens
1975 1342 2023 1376 ait
2046 1341 2080 1375 in
2105 1339 2301 1384 parabolice:

475 1405 530 1438 Vir
550 1406 671 1447 impius
687 1405 782 1448 fodit
803 1406 927 1439 malum
951 1408 984 1439 et
1005 1407 1038 1439 in
1062 1406 1163 1440 labiis
1186 1407 1258 1440 eius
1281 1407 1371 1448 ignis
1394 1406 1557 1440 ardescit:
1581 1406 1680 1439 homo
1699 1415 1875 1448 perversus
1896 1405 2038 1438 suscitat
2070 1403 2145 1438 lites
2174 1404 2209 1437 et
2229 1410 2302 1441 vett.-

468 1467 571 1500 bosus
593 1471 729 1510 separat
746 1469 922 1511 principes.
948 1469 988 1502 Et
1013 1470 1106 1511 quod
1131 1470 1229 1503 aliter
1251 1470 1298 1503 ait
1322 1470 1355 1503 in
1381 1469 1644 1503 Ecclesiastico:
1669 1469 1780 1502 Homo
1803 1468 1982 1502 iracundus
2003 1466 2143 1501 intendit
2155 1465 2245 1500 litem
2266 1465 2305 1503 e&

470 1530 518 1562 vir
534 1532 694 1572 peccator
715 1531 862 1564 turbabit
875 1532 1011 1570 amicos,
1037 1534 1070 1565 et
1091 1532 1124 1565 in
1148 1532 1258 1566 medio
1274 1531 1465 1565 habentium
1477 1541 1597 1575 pacem
1614 1532 1766 1566 immittet
1779 1532 1994 1566 inimicitiam.
2012 1530 2100 1564 Nam
2123 1529 2153 1563 si
2177 1527 2302 1572 aequit
2359 1537 2376 1567 ,1-

468 1594 610 1626 auribus
635 1596 667 1626 et
692 1596 816 1635 pacato
840 1595 955 1627 animo
979 1595 1096 1628 audire
1122 1605 1240 1628 verum
1265 1598 1366 1638 potes
1389 1596 1434 1629 ab
1458 1596 1580 1636 amico,
1605 1595 1684 1638 quis
1707 1597 1760 1628 est
1784 1588 1929 1637 usquam
1955 1594 2129 1627 hominum
2153 1592 2218 1636 qui*
2236 1591 2302 1630 dui-
2320 1589 2361 1645 >ὶ-

469 1656 562 1695 bitet,
588 1656 669 1698 quin
695 1657 724 1689 si
749 1659 784 1689 tu
811 1666 899 1690 unus
924 1667 991 1690 non
1016 1666 1125 1698 esses,
1150 1660 1199 1691 tot
1223 1658 1396 1691 hominum
1422 1658 1527 1692 millia
1551 1667 1639 1700 quae
1664 1658 1752 1691 hanc
1769 1667 1837 1691 non
1854 1657 1958 1690 modo
1974 1656 2100 1697 ltaliae,
2116 1656 2179 1690 sed
2194 1655 2302 1695 totius
2346 1660 2363 1690 τ’.

468 1718 563 1751 orbis
587 1719 849 1760 pulcherrimam
874 1722 976 1762 atque
1005 1721 1168 1762 optimam
1193 1723 1322 1763 partem
1347 1722 1472 1761 tenent,
1497 1721 1530 1754 in
1555 1720 1738 1763 tranquilla
1761 1722 1794 1754 et
1817 1721 1981 1762 exoptata
2015 1727 2101 1762 pace
2137 1718 2358 1765 nunovbme'

470 1783 604 1814 verent:
631 1782 799 1823 quidquid
825 1791 886 1824 per
910 1782 1090 1824 squalidos
1115 1785 1148 1816 et
1172 1783 1320 1817 incultos
1344 1792 1447 1826 agros
1478 1793 1648 1817 armorum
1673 1785 1731 1817 aut
1755 1784 1930 1826 signorum
1966 1782 2096 1823 volitat,
2131 1772 2362 1833 quidquidl4⁴³

470 1844 705 1877 incendiorum
730 1845 877 1878 desertis
902 1846 1057 1879 villarum
1082 1847 1182 1879 tectis
1206 1848 1397 1886 exaestuat,
1422 1847 1590 1889 quidquid
1615 1847 1808 1880 formidinis
1831 1856 1872 1880 ac
1895 1846 1997 1889 fugae
2018 1845 2152 1888 amplas
2175 1854 2216 1879 ac
2240 1853 2327 1880 noer
2379 1845 2383 1848 ”

471 1907 558 1940 biles
582 1907 721 1941 alternis
746 1909 896 1941 motibus
922 1909 1025 1942 urbes
1050 1909 1168 1951 quatit,
1193 1909 1362 1952 quidquid
1387 1910 1535 1952 denique
1560 1910 1739 1953 sanguinis
1764 1910 1829 1943 hoc
1853 1909 1945 1943 bello
1969 1909 2056 1943 ultro
2080 1909 2234 1951 citroque
2248 1907 2370 1946 fit-‹

471 1978 546 2002 sum
583 1969 865 2012 fundendumque
902 1974 964 2011 est,
1001 1974 1108 2004 totum
1133 1981 1151 2005 e
1176 1974 1311 2005 tuorum
1348 1972 1568 2005 consiliorum
1605 1972 1773 2006 scatebris
1797 1974 1830 2005 et
1853 1972 1992 2006 facundi
2025 1972 2175 2014 pectoris
2208 1970 2306 2007 fonte
2325 1966 2361 2028 fs

471 2033 678 2074 processerit
695 2030 779 2074 (2)?
804 2032 852 2066 O!
878 2033 1011 2067 felicem
1036 2036 1079 2074 te,
1105 2035 1162 2076 qui
1188 2035 1231 2067 ad
1257 2035 1344 2068 hanc
1370 2035 1416 2068 rei
1441 2035 1596 2068 militaris
1631 2035 1773 2078 gloriam
1799 2035 1872 2068 sine
1898 2034 1968 2068 ullo
2002 2043 2173 2068 armorum
2204 2038 2359 2084 exer-vj

471 2095 562 2135 citio,
587 2096 752 2136 sedendo,
779 2096 952 2138 loquendo
977 2098 1186 2138 perveneris,
1212 2099 1247 2130 ut
1272 2106 1361 2131 unus
1385 2098 1485 2131 fieres
1509 2107 1528 2131 e
1553 2107 1694 2131 numero
1718 2097 1863 2137 illorum,
1879 2097 1950 2140 qui,
1975 2099 2011 2130 ut
2033 2097 2080 2130 ait
2104 2095 2304 2134 Psalmistn:

473 2157 711 2199 Cogrtaverunt
744 2159 936 2200 iniquitates
960 2160 992 2192 in
1018 2160 1123 2198 corde,
1150 2162 1220 2193 tota
1243 2161 1297 2194 die
1328 2160 1572 2194 constituebant
1600 2160 1741 2202 praelia.
1760 2160 1865 2202 ldque
1890 2162 1926 2194 ut
1950 2160 1993 2193 de
2017 2162 2061 2200 te,
2085 2159 2246 2202 quamvis
2265 2158 2359 2202 inq<

471 2221 580 2254 aciem
606 2230 673 2253 non
699 2222 859 2263 prodeas,
884 2223 1084 2264 perproprie
1110 2223 1237 2256 dictum
1262 2224 1365 2263 scias,
1390 2224 1546 2265 sequitur
1569 2233 1648 2263 non,
1673 2223 1766 2266 quod
1791 2225 1863 2256 erat
1886 2223 2062 2265 proprium
2088 2223 2303 2266 bellatorum,
2314 2209 2353 2269 ‘³2-

473 2284 654 2316 induerunt
679 2293 782 2324 arma,
808 2285 1082 2318 conscenderunt
1099 2295 1220 2327 equos,
1238 2286 1436 2319 ordinarunt
1460 2286 1607 2328 agmina,
1631 2286 1694 2319 sed
1719 2285 1836 2328 quid?
1853 2285 2021 2319 Acuenmt
2041 2285 2191 2328 linguam
2206 2289 2362 2326 επακ
2384 2291 2387 2293 ’

471 2347 558 2379 sicut
579 2347 759 2389 serpenti3,·
784 2356 941 2380 venenum
966 2348 1119 2390 aspidum
1143 2348 1205 2381 sub
1229 2348 1330 2382 labiis
1353 2357 1474 2382 eorum.
1501 2349 1575 2382 Heu
1601 2349 1693 2389 mihi,
1717 2348 1837 2382 trater!
1873 2347 2010 2388 Quanto
2046 2348 2169 2382 melius
2195 2356 2358 2396 quaa-⁶-

473 2412 577 2451 toque
603 2409 819 2451 professione
844 2412 902 2443 tua
926 2411 1065 2453 dignius
1089 2410 1151 2444 fuit
1176 2411 1325 2454 linguam
1351 2410 1425 2444 Deo
1450 2412 1598 2444 dicatam
1623 2411 1815 2444 divinarum
1841 2411 1979 2445 laudum
2012 2420 2183 2454 occupare
2206 2399 2354 2454 ρηομὲἷ

472 2473 593 2512 coniis,
619 2481 720 2514 quam
746 2473 976 2506 delinimentis
1013 2474 1162 2507 anilibus
1187 2476 1219 2507 et
1246 2475 1401 2507 ventosis
1436 2474 1734 2508 adhortationibus
1770 2474 1992 2517 populorum,
2027 2475 2156 2517 quibus
2178 2475 2212 2508 te
2235 2479 2335 2509 noa

475 2544 543 2567 uno
579 2537 636 2567 aut
671 2535 778 2568 altero
803 2537 838 2568 ut
863 2536 998 2575 caeteri,
1035 2536 1096 2569 sed
1133 2537 1294 2569 omnibus
1330 2537 1480 2569 omniurn
1505 2537 1643 2579 flagitiis
1678 2538 1887 2580 inquinares,
1919 2538 2152 2580 omniumque,
2176 2526 2361 2582 quibus..f³

478 2597 654 2630 abundare
680 2597 806 2630 bellum
831 2598 929 2637 solet,
955 2599 1128 2640 particeps
1152 2599 1364 2638 delictorum,
1389 2608 1451 2632 nec
1475 2601 1605 2633 tantum
1631 2600 1804 2642 particeps
1828 2601 1938 2640 fieres,
1974 2601 2036 2633 sed
2062 2601 2233 2643 magister,
2252 2599 2354 2639 Μ
2326 2586 2359 2629 ³²4}

477 2669 518 2692 ne
543 2660 603 2692 tibi
630 2669 711 2693 cura
736 2661 967 2694 conscientiae
993 2661 1201 2703 posthabita,
1225 2661 1315 2694 fama
1340 2662 1518 2695 dumtaxat
1543 2663 1655 2695 inanis
1671 2662 1886 2705 eloquentiae
1911 2663 1996 2696 satis
2020 2664 2083 2702 est,
2108 2664 2144 2695 ut
2167 2662 2330 2706 propt&
2341 2635 2363 2662 ζ’

481 2817 552 2843 stino,
568 2823 613 2839 non
629 2823 734 2844 provano
749 2819 791 2840 che
806 2819 821 2840 il
837 2818 956 2840 Bussolari
971 2818 1036 2841 fosse
1051 2825 1091 2841 reo
1101 2819 1124 2841 di
1135 2824 1193 2846 pace
1203 2819 1306 2841 turbata.
1317 2819 1367 2841 Me-
1474 2819 1505 2846 (2)
1520 2819 1620 2842 Peccata
1634 2820 1677 2843 che
1700 2821 1787 2848 questo
1807 2821 1881 2843 mtto
1901 2820 2099 2843 letterariamente
2119 2821 2248 2844 bellissimo
2266 2815 2349 2859 “93

481 2861 528 2887 glio
543 2861 557 2882 il
574 2861 683 2883 Petrarca
698 2863 801 2884 avrehbe
817 2864 902 2889 potuto
925 2863 1064 2885 indirizzare
1079 2863 1100 2885 le
1114 2869 1157 2885 sue
1178 2863 1320 2885 esortazioni
1342 2863 1365 2885 di
1421 2865 1517 2891 proprio
1532 2866 1597 2887 tutto
1611 2865 1627 2886 il
1641 2865 1760 2888 contrario
1774 2865 1835 2888 della
1849 2865 1937 2888 veriti!
1951 2865 1993 2888 Ma
2007 2865 2022 2887 ll
2038 2865 2147 2888 Petrarca
2162 2866 2245 2888 voleva
2258 2857 2330 2891 &0⁸¹ss
2350 2879 2353 2894 5,

482 2910 540 2931 pace
555 2905 576 2926 ai
590 2906 732 2932 prepotenti,
744 2906 772 2928 da
788 2907 824 2928 cui
835 2907 879 2933 egli
890 2908 1012 2929 accettava
1023 2907 1152 2935 ospitalita,
1163 2913 1260 2929 carezze
1272 2913 1285 2929 e
1299 2907 1362 2929 doni.
1418 2908 1434 2930 11
1449 2908 1569 2931 Bussolari
1584 2915 1628 2931 con
1643 2910 1707 2932 tutto
1721 2910 1736 2931 il
1751 2910 1840 2937 popolo
1854 2915 1942 2937 pavete
1955 2910 2095 2933 silasciasse
2104 2910 2222 2938 spoglinre
2231 2914 2325 2933 san

535 2950 566 2974 (1)
580 2950 659 2972 Anche
673 2950 828 2977 l'argomento
842 2952 1018 2979 seritturistico,
1039 2958 1105 2974 come
1127 2953 1206 2979 quello
1227 2953 1350 2980 patristico
1359 2970 1365 2980 ,
1420 2953 1456 2975 tar
1470 2953 1614 2976 resistenzal
2349 2947 2362 2955 ⁹

483 2994 542 3016 nelle
557 2994 617 3016 mani
633 2995 670 3016 del
686 2995 795 3018 Petrarca
809 2996 904 3018 diventa
919 3002 950 3018 un
966 2997 1072 3019 solisma.
1130 3010 1133 3015 .
