2496 3600
491 379 592 412 huius
617 379 745 412 mensis
769 379 933 419 octubris,
950 379 1184 412 auctoritatem
1202 380 1235 412 et
1252 378 1422 413 licentiam
1446 378 1734 412 concesserimus:
1757 380 1792 412 et
1815 379 1897 420 heri,
1921 379 2023 414 simili
2048 381 2152 415 modo
2174 389 2229 416 co
2249 369 2322 429 -(45

490 443 568 484 gata
594 441 812 475 universitate
839 441 990 483 predicta
1015 441 1047 474 in
1072 441 1217 474 ecclesia
1242 438 1365 475 Sancte
1390 439 1576 475 Emostiole
1600 439 1708 484 Papie
1730 441 1812 475 dicti
1836 442 1968 476 ordinis
1996 442 2237 481 heremitarum

491 504 661 546 speriatus
685 503 816 537 fueritis
841 504 936 536 iuxta
961 512 1088 536 morem
1112 503 1183 536 fieri
1209 503 1242 536 in
1267 502 1394 536 talibus
1418 504 1639 537 consuetum:
1663 503 1763 538 Nunc
1788 513 1880 544 vero,
1904 507 2112 549 congregata
2137 505 2250 541 Univ

488 567 558 599 tate
582 566 733 608 predicta
751 566 782 599 in
809 566 952 599 ecclesia
978 567 1104 604 nostra,
1122 565 1224 607 capiti
1243 567 1358 599 vestro
1375 565 1518 599 biretum
1542 574 1603 599 seu
1628 566 1813 609 magisterii
1838 566 1965 602 infulas
1981 566 2188 611 imponimus
2203 570 2238 604 et

489 628 689 661 auctoritate
722 627 911 670 apostolica
937 627 1172 669 suprascripta
1205 627 1403 670 magistrum
1428 635 1490 662 seu
1514 628 1688 662 doctorem
1713 629 1747 662 in
1770 628 1862 663 dicta
1893 637 1991 663 sacra
2022 630 2197 675 theologia
2230 643 2245 662 η
2274 617 2330 678 τῖ’-ζ

491 698 567 722 mus
592 691 624 722 et
649 690 887 722 constituimus
916 698 976 731 per
1007 690 1195 731 presentes,
1221 697 1308 731 quas
1333 689 1366 722 in
1393 690 1494 723 huius
1519 689 1566 723 rei
1591 690 1821 724 testimonium
1853 691 1924 725 fieri
1957 690 2102 726 fecimus
2119 693 2153 726 in
2197 707 2205 721 ·
2238 710 2253 724 ιι
2284 723 2285 726 ,

490 751 618 793 publici
645 751 837 784 documenti
864 760 924 793 per
949 750 1160 784 Albertolum
1185 752 1352 785 notarium
1385 751 1572 794 publicum,
1597 752 1836 786 cancellarium
1875 755 2028 788 nostrum
2053 753 2225 789 intrascri
2244 766 2322 786 ιη’·

490 816 524 847 et
548 814 650 856 sigilli
677 814 781 847 nostri
817 814 1001 846 munimine
1034 813 1196 847 roborari.
1221 813 1347 848 Datum
1372 817 1405 848 et
1428 817 1540 848 actum
1572 813 1690 858 Papie‚
1716 815 1749 848 in
1773 815 1865 850 dicta
1896 816 2044 851 ecclesia
2075 819 2203 859 nostra,
2235 833 2238 846 ι
2270 837 2284 849 1»
2311 821 2314 826 ”

494 877 680 910 nativitatis
712 875 848 909 Domini
885 876 980 916 1395,
1005 876 1060 910 die
1081 877 1219 911 decimo
1250 879 1374 911 octavo
1406 878 1534 911 mensis
1559 877 1723 918 octubris,
1746 879 1845 913 tertia
1877 879 2071 914 indictione.
2096 870 2318 958 Presentlbf‘}

489 939 647 972 discretis
673 939 755 972 viris
781 938 918 971 loanoio
943 938 985 972 de
1011 938 1153 973 Boniilis
1178 942 1210 974 et
1235 939 1447 974 Ambroxino
1471 939 1514 973 de
1538 939 1648 974 Monti
1674 940 1892 984 generalibus
1916 939 2027 976 Studii
2052 944 2086 976 et
2109 941 2288 980 Paulino.

492 1000 601 1034 Puteo
626 999 768 1044 Collegii
796 1001 991 1035 luristarum
1018 1002 1164 1043 bidellis‚
1189 1003 1335 1036 testibus
1359 1003 1401 1037 ad
1428 1003 1490 1036 hec
1516 1003 1648 1036 vocatis
1672 1003 1865 1046 specialiter
1889 1005 1921 1038 et
1945 1005 2083 1048 rogatis.

1318 1257 1503 1300 CXIV.

583 1367 786 1396 Francesco
815 1366 1021 1396 Canestrari
1047 1366 1083 1397 di
1107 1367 1280 1405 Bologna,
1307 1367 1485 1398 familiare
1516 1368 1716 1405 visconteo‚
1742 1369 1887 1400 nomina
1911 1378 1978 1401 suo
2001 1374 2187 1401 esecutore
2220 1386 2225 1394 =

490 1410 670 1450 mentatio
695 1420 785 1450 frate
810 1420 1008 1450 Domenieo
1033 1420 1078 1450 da
1103 1421 1214 1451 Forli.

1119 1544 1275 1578 1:393,
1294 1545 1617 1579 dloembre‚
1637 1546 1700 1572 11,

1059 1632 1137 1658 (Arch.
1153 1633 1235 1655 Notat.
1251 1632 1274 1655 di
1290 1632 1361 1656 Pavia
1374 1644 1401 1648 —
1416 1633 1464 1655 Atti
1480 1633 1503 1655 di
1518 1633 1621 1656 Antonio
1635 1633 1746 1659 Olearia).

506 1714 510 1888 1
566 1764 676 1882 T
731 1783 974 1816 ESTAMENTO
992 1778 1084 1820 fatto
1101 1778 1146 1811 da
1170 1778 1356 1812 Francesco
1373 1779 1415 1812 de
1436 1777 1664 1814 Canestrariis
1680 1780 1724 1814 de
1747 1780 1902 1815 Bononia
1925 1782 2017 1816 filius
2040 1783 2215 1825 quondam

731 1825 733 1887 ἰ
762 1842 870 1880 masii,
896 1841 1072 1874 familiaris
1101 1841 1242 1874 illustris
1270 1841 1439 1884 Principis
1464 1843 1496 1875 et
1521 1843 1690 1885 magnifici
1723 1843 1860 1877 Domini
1886 1845 1992 1878 nostri
2017 1844 2153 1880 ...Item
2177 1846 2212 1880 1
2218 1860 2259 1876 :1
2259 1827 2313 1931 (εἰ

510 1941 551 1944 μ
617 1911 732 1942 1-er
760 1905 825 1937 sibi
851 1906 1081 1946 exequutores
1107 1905 1208 1937 huius
1233 1906 1424 1938 testamenti
1443 1906 1476 1938 et
1492 1905 1607 1939 ultime
1631 1906 1817 1940 voluntatis
1842 1908 2048 1944 reverendos
2072 1910 2188 1951 patres
2210 1901 2270 1945 ἀεῖ
2271 1947 2274 1952 ,
2299 1946 2302 1952 .,

496 1977 559 2001 nos
584 1968 704 2001 iratres
730 1966 969 2000 Dominichum
987 1967 1029 2000 de
1047 1966 1195 2000 Forlivio
1213 1967 1245 2000 in
1263 1976 1359 2000 sacra
1384 1969 1509 2011 pagina
1534 1969 1773 2010 professorem,
1791 1968 1931 2004 Ordinis
1949 1970 2193 2005 Heremitarum
2218 1985 2223 1998 s

496 2030 690 2073 Augustini,
714 2032 776 2063 etc.
794 2045 824 2062 ν».
2297 2022 2309 2030 ’

1334 2260 1492 2302 CXV.

587 2370 762 2400 Sentenza
787 2370 958 2399 arbitrale
983 2370 1039 2399 del
1065 2370 1171 2400 Card.
1198 2370 1345 2400 Cosimo
1369 2370 1566 2408 Migliorati
1589 2371 1684 2401 nella
1709 2372 1956 2402 controversia
1980 2373 2032 2404 fra
2057 2373 2107 2411 gli
2130 2373 2255 2405 Eram·

494 2424 540 2454 ed
566 2424 576 2453 i
603 2423 772 2453 Canonici
797 2423 964 2460 Regolari
981 2421 1042 2464 (1).

1175 2493 1333 2526 1:396,
1361 2499 1585 2527 marzo,
1604 2494 1658 2521 8.

982 2581 1060 2607 (Arcti.
1077 2582 1100 2604 di
1115 2581 1192 2609 Stato,
1208 2582 1298 2604 Milano
1313 2594 1338 2597 —
1354 2582 1460 2610 Pergam.
1476 2582 1500 2604 di
1514 2582 1538 2605 S.
1555 2583 1634 2605 Pietro
1649 2583 1671 2606 in
1687 2583 1736 2606 ciel
1751 2584 1775 2606 d'
1783 2585 1842 2611 oro).

515 2663 733 2669 ,ᾖ
2279 2656 2309 2676 ,ῃ

515 2741 516 2766 l
737 2732 768 2759 ιΝ
793 2727 928 2759 nomine
953 2726 1089 2759 Domini
1115 2726 1233 2759 Amen.
1259 2727 1331 2760 Nos
1357 2726 1541 2762 Cosmatus
1577 2729 1793 2763 miseratione
1829 2730 1945 2763 divina
1977 2730 2063 2763 tituli
2088 2729 2122 2776 S.
2147 2729 2303 2768 erucis

594 2714 643 2830 I
767 2789 947 2823 Ierusalem
972 2790 1150 2832 presbyter
1163 2788 1366 2836 Cardinalis,
1379 2790 1514 2831 arbiter,
1528 2791 1707 2824 arbitrator
1719 2793 1752 2824 et
1768 2791 1956 2825 amicabilis
1973 2793 2202 2834 compositor
2193 2802 2228 2826 in

767 2853 869 2886 nullis
894 2853 1020 2893 causis,
1046 2853 1162 2886 litibus
1186 2854 1219 2886 et
1242 2854 1495 2894 controversiis,
1509 2863 1575 2896 que
1589 2854 1807 2888 vertebantur
1829 2857 1863 2888 et
1886 2863 1984 2888 verse
1997 2858 2076 2888 sunt
2107 2856 2194 2889 inter
2217 2843 2285 2899 νζ
2304 2896 2306 2898 v

556 3008 586 3035 (1)
601 3009 608 3030 1
624 3010 702 3036 lunghi
718 3016 730 3031 e
745 3011 867 3037 strepitust
884 3012 988 3038 processi
1004 3011 1027 3033 di
1043 3011 1114 3033 Pavia
1129 3017 1235 3034 avevano
1245 3012 1345 3034 assunto
1355 3017 1386 3033 un
1441 3017 1484 3034 sun
1499 3012 1563 3034 volta
1577 3011 1682 3034 credette
1696 3012 1756 3034 bene
1769 3012 1792 3034 di
1807 3011 1901 3034 indui-re
1915 3012 1936 3034 le
1951 3013 2012 3039 parti
2026 3018 2040 3034 a
2055 3013 2182 3035 rimettersi
2191 3018 2206 3035 ι
2215 3012 2248 3036 lui
2263 3024 2279 3030 ν

502 3054 618 3074 carattere
634 3054 707 3075 molto
722 3056 847 3080 esagerato
862 3055 884 3076 di
899 3055 977 3076 tronte
992 3055 1037 3076 3113
1057 3055 1130 3077 realta
1152 3055 1211 3077 delle
1233 3061 1296 3078 cose.
1320 3055 1389 3078 Boni·
1442 3056 1472 3078 ad
1486 3057 1583 3078 arbitro.
1599 3056 1689 3083 Queste
1709 3062 1770 3079 sono
1790 3057 1944 3084 circostanze,
1959 3057 1988 3079 dn
2003 3063 2082 3080 essere
2104 3059 2186 3080 tenute
2208 3058 2232 3080 ln
2258 3068 2274 3075 -=
2307 3088 2311 3090 ι

502 3096 563 3118 facio
579 3097 615 3123 lx,
631 3097 667 3118 nel
682 3097 816 3119 rimetterne
827 3098 848 3119 la
859 3099 1009 3121 conclusione
1019 3099 1040 3121 al
1052 3099 1121 3122 eard.
1137 3099 1259 3127 cosmato,
1270 3105 1298 3122 ne
1312 3105 1386 3122 aveva
1441 3106 1483 3128 per
1497 3101 1512 3122 il
1526 3101 1606 3128 giusto
1620 3102 1818 3128 apprezzamento
1833 3100 1893 3123 della
1907 3102 2068 3124 controversia
2083 3102 2125 3124 che
2139 3101 2171 3124 tin
2186 3102 2226 3130 qui
2240 3101 2265 3125 iu
2276 3091 2299 3098 5’
2313 3099 2332 3128 ’ξ

500 3141 688 3167 sapientemente
713 3141 799 3163 ridotte
815 3142 835 3163 le
851 3143 1010 3170 proporzioni;
1032 3143 1061 3165 ed
1077 3144 1091 3165 il
1107 3143 1215 3166 cardinal
1238 3144 1351 3167 Cosmato
1371 3150 1386 3167 a
1441 3145 1518 3167 dicata
1533 3145 1637 3167 soitanto
1651 3145 1674 3167 in
1689 3145 1746 3167 base
1759 3145 1782 3167 al
1796 3151 1909 3172 processo
1924 3145 1948 3167 di
1963 3145 2042 3168 Pavin.
