2496 3600
484 138 579 183 '132‘

499 284 599 317 unius
624 284 715 326 pomi
741 284 808 318 erIs
828 293 908 334 ,qum
935 293 1000 318 una
1026 293 1126 318 cruce
1149 284 1238 324 ferri,
1263 293 1330 327 que
1354 284 1482 319 debent
1506 286 1587 328 poni
1611 294 1716 329 supra
1740 286 1832 320 dicta
1854 289 1964 329 porta,
1981 286 2055 321 llbr.
2073 285 2128 327 IX.
2145 287 2233 322 sold.
2250 286 2319 331 IIIJ.
2374 287 2402 309 ’·-

498 345 577 379 Item
613 346 692 380 dedi
729 355 791 389 pro
826 346 984 380 doratura
1021 347 1132 380 crucis
1155 348 1189 380 et
1212 347 1303 389 pomi
1329 355 1396 389 que
1413 346 1537 381 debent
1561 347 1642 390 poni
1667 356 1771 391 supra
1796 349 1965 392 porticum
1989 348 2084 383 scole
2099 349 2143 383 ad
2161 349 2318 384 intratam
2384 355 2396 391 ’,

498 408 729 449 Ιοε1,.εε11,ἱ,εε1
765 418 841 455 1019.
862 409 1019 453 faciendo
1055 409 1151 451 ipsos
1176 409 1306 448 dorare,
1332 409 1406 443 libr.
1431 408 1498 443 Vll.
1522 409 1590 444 Ne!
1610 411 1750 454 maggio
1773 411 1806 445 sl
1827 410 1939 446 hanno
1962 411 1993 446 le
2015 420 2112 455 spese
2135 420 2198 455 pro
2221 413 2322 455 porta
2397 427 2405 455 3

498 471 560 505 orti
585 480 603 504 e
627 471 772 505 l'ultimo
796 459 837 505 αι’
854 472 1013 513 maggio:
1041 470 1120 504 Item
1157 471 1236 504 dedi
1274 472 1438 515 magistro
1472 470 1827 516 Girardoptozparte
1854 473 2045 508 solucionis
2068 475 2200 518 picture
2223 476 2321 518 porte

497 534 646 568 florenos
681 536 767 567 octo.
803 533 870 567 Nel
889 534 1018 575 giugno
1042 534 1074 566 si
1089 532 1198 576 fanno
1233 534 1438 576 riparazionr·
1460 537 1578 577 portae
1603 535 1719 569 scolae
1743 544 1761 569 e
1784 536 1821 569 al
1842 535 2016 579 refettonso.
2049 536 2116 570 Nel
2136 536 2262 580 lugiio:
2286 536 2322 571 ln

499 597 617 638 primis
642 597 696 630 die
722 595 775 638 IIIJ
802 596 869 629 dat.
895 596 1058 638 magistro
1082 593 1229 629 Girardo
1255 596 1399 638 pinctori
1424 606 1487 639 pro
1511 599 1606 640 parte
1630 598 1814 632 solutionis
1837 599 1968 642 picture
1991 599 2079 633 facte
2095 601 2174 633 ante
2189 601 2322 642 portam
2368 591 2392 634 ”“,

499 659 602 699 scole,
627 659 743 692 floren.
770 657 825 691 XII
851 658 910 700 qui
936 658 1050 691 valent
1075 658 1148 691 libr.
1175 657 1341 692 XXXVIII
1366 659 1453 693 sold.
1481 659 1560 694 VIII.
1598 659 1678 694 Item
1703 661 1771 694 dat.
1805 662 1968 704 magistro
2003 661 2152 696 Antonio
2175 661 2320 705 pinctori

498 731 560 764 pro
585 721 791 764 quibusdam
829 721 1006 754 laboreriis
1030 721 1154 754 fiendis
1179 721 1212 754 in
1238 723 1421 762 conventu,
1448 722 1566 756 floren.
1592 722 1621 756 X
1645 723 1703 765 qui
1729 723 1844 757 valent
1867 724 1941 758 libr.
1970 723 2103 767 xxxij.
2140 723 2180 759 Sl
2212 723 2324 759 hanno

499 784 605 817 lavori
627 783 763 816 merarii
780 791 843 825 per
864 783 1010 825 riparare
1045 783 1163 817 cellam
1201 784 1338 818 lectoris
1373 783 1486 819 fratris
1510 783 1672 820 Guilelmi
1693 795 1712 820 e
1734 787 1767 820 sl
1784 794 1944 829 pongono
1966 786 1998 821 Ie
2021 786 2187 834 insensate
2209 795 2232 820 a
2254 788 2324 822 otto

492 846 629 888 finestre
654 842 686 878 in
713 845 848 878 libraria
873 846 907 878 et
931 845 964 878 in
990 845 1156 879 sacristia.
1181 845 1247 879 Ne!
1269 854 1358 880 mese
1382 847 1419 880 di
1440 850 1578 890 agusto:
1605 848 1639 881 In
1664 849 1784 891 primis
1807 849 1863 882 die
1887 849 2032 892 septima
2055 849 2135 883 dedi
2161 849 2326 893 magistro
2353 850 2382 894 ²2ss-

499 908 645 942 Girardo
670 904 800 950 'pIctori
838 908 1186 950 prm-complemento
1210 909 1398 955 soluci0nis
1413 905 1560 952 ”picture
1584 910 1774 945 factesante
1797 913 1930 954 portam
1954 911 2060 952 scole,
2083 911 2154 946 flor.
2180 910 2242 946 XX
2266 916 2339 946 νει,1
2356 906 2377 956 ³,-

501 972 606 1004 lentes
631 971 736 1004 libras
755 970 912 1013 -LXIIIJ...-
929 970 1014 1004 Item
1038 970 1094 1009 die
1119 970 1223 1014 XXIIJ
1249 971 1327 1005 dedi
1345 961 1416 1014 'pro
1439 970 1559 1006 dee'em
1583 969 1744 1007 fenestris
1768 974 1887 1008 vitreis
1902 973 2003 1008 factis
2027 973 2096 1017 IIIJ‘
2119 974 2154 1008 in
2178 973 2327 1015 libraria,
2375 982 2383 1018 ,ᾗ

500 1033 553 1076 IIIJ
581 1034 612 1066 in
638 1033 805 1072 sacristia,
831 1032 856 1075 IJ
882 1033 915 1065 in
940 1032 1100 1073 ecclesia,
1124 1034 1355 1076 computando
1379 1021 1499 1068 omnes
1513 1036 1698 1078 ‘expensas
1721 1045 1803 1079 erga
1826 1036 1995 1070 fenestras
2010 1036 2120 1070 factas
2135 1036 2267 1071 scilicet
2281 1035 2327 1071 de
2363 1044 2375 1081 χ

500 1097 603 1138 ligno,
636 1096 678 1128 de
710 1095 809 1135 ferro,
835 1096 885 1128 dev
906 1095 1065 1138 pedagio,
1090 1096 1133 1129 de
1161 1096 1384 1137 conductura,
1410 1088 1489 1130 libr.
1509 1094 1653 1132 CXXIII.
1681 1095 1770 1132 1111111-1
1785 1099 1865 1132 dedi
1891 1099 1983 1132 fratri
2008 1098 2202 1142 Augustino
2226 1098 2328 1142 layctf
2378 1090 2385 1125 ἶ

500 1168 562 1201 pro
587 1152 753 1200 expensis
777 1167 872 1200 quas.
889 1158 970 1192 fecit
994 1158 1109 1191 eundo
1133 1158 1301 1207 VenecIas
1325 1161 1357 1192 et
1381 1149 1582 1200 Bononiam,
1600 1170 1662 1203 pro
1686 1161 1809 1195 fiendis
1840 1161 1942 1195 dictis
1966 1161 2135 1202 fenestris,
2153 1169 2270 1204 prose
2292 1162 2328 1195 et
2360 1170 2366 1187 -’

500 1222 597 1255 socio
633 1222 747 1254 eundo
783 1223 815 1255 et
851 1221 1027 1254 redeundo
1041 1218 1106 1263 (l),
1131 1221 1205 1269 libr.
1231 1221 1329 1265 XIIIJ,
1354 1222 1442 1256 sold.
1467 1214 1741 1263 v,'‘'den.²'vlll..'.·
1755 1223 1845 1258 Item
1869 1225 1950 1258 dedi
1975 1233 2038 1267 pro
2062 1233 2129 1258 una
2153 1223 2241 1258 clavi
2264 1232 2329 1267 pro
2374 1227 2383 1247 2'

500 1270 585 1317 cella
609 1284 698 1317 facta
723 1283 942 1317 fratri-Petro
966 1284 1008 1317 de
1033 1283 1238 1318 Trumello...
1264 1285 1352 1318 sold.
1377 1284 1416 1319 V.
1441 1285 1508 1319 Nel
1529 1277 1702 1320 settembre
1724 1295 1808 1320 sono
1832 1295 1956 1320 ancora
1980 1287 2011 1320 Ie
2033 1295 2130 1329 spese
2149 1285 2264 1330 perte
2278 1285 2329 1329 fl·
2359 1278 2379 1336 ἢ

500 1349 619 1380 nestre:
644 1347 723 1380 Item
749 1347 804 1380 die
829 1347 961 1380 decIma
997 1347 1075 1380 dedi
1112 1356 1174 1389 pro
1209 1336 1345 1390 triginta
1365 1338 1514 1382 'rotellis
1533 1349 1650 1383 vitreis
1667 1346 1720 1391 (2)
1745 1349 1817 1383 libr.
1844 1349 1894 1390 Ill,
1926 1350 2014 1384 sold.
2039 1349 2115 1383 VI...
2140 1349 2221 1383 Item
2244 1348 2326 1384 dedi
2359 1351 2378 1367 ²

501 1410 589 1443 sotio
615 1410 764 1452 magistri
792 1408 928 1442 Antonii
954 1410 1011 1451 qui
1037 1410 1206 1443 laboravit
1230 1419 1293 1443 sex
1318 1410 1443 1444 diebus
1467 1403 1510 1444 ad
1536 1412 1724 1453 predictum
1743 1398 1840 1454 ‘opus
1864 1409 2118 1454 (fenestrarum)
2133 1411 2250 1447 dando
2265 1419 2330 1455 pro
2360 1442 2379 1454 .„

501 1473 556 1505 die
582 1473 668 1505 sold.
694 1472 775 1511 VIII,
802 1472 874 1505 libr.
901 1472 937 1511 II,
962 1472 1049 1505 sold.
1076 1472 1157 1512 VIII,
1182 1472 1262 1506 oltre
1286 1472 1311 1506 il
1334 1467 1459 1506 virto'a
1482 1473 1530 1507 lui
1552 1483 1572 1507 e
1593 1474 1629 1507 al
1646 1474 1807 1517 padrone.
1831 1474 2068 1509 Nell'ottobre:
2091 1473 2171 1508 Item
2205 1474 2262 1509 die
2284 1472 2331 1508 XI
2363 1491 2370 1508 ,-

498 1536 577 1568 dedi
604 1537 659 1568 uni
686 1535 832 1568 manuali
859 1536 916 1576 qui
943 1535 1074 1567 adiuvit
1099 1535 1296 1578 magistrum
1322 1535 1506 1569 Antonium
1530 1537 1575 1570 ad
1599 1532 1768 1571 fenestras
1793 1537 1928 1571 librarIe
1946 1538 2154 1581 reparandas
2178 1546 2241 1580 pro
2261 1545 2328 1572 sex

501 1599 623 1631 dIebus
650 1598 774 1636 dando,
800 1600 861 1630 etc.
889 1598 976 1630 Libr.
1003 1597 1038 1637 Il,
1064 1597 1151 1642 sold.
1177 1597 1259 1638 VIII,
1284 1598 1364 1631 oltre
1388 1598 1413 1631 il
1436 1599 1524 1632 vitto.
1551 1599 1630 1632 Item
1655 1600 1733 1633 dedi
1759 1600 1791 1633 in
1812 1587 1887 1634 ‘uno
1910 1600 2000 1634 ferro
2039 1610 2102 1644 pro
2135 1595 2342 1644 stagnando'
2363 1611 2367 1642 3

500 1661 692 1700 ecclesiam,
719 1661 805 1693 sold.
832 1660 912 1693 VIII.
932 1660 1010 1693 Item
1033 1660 1087 1693 die
1105 1659 1193 1703 XVIJ
1211 1661 1289 1693 dedi
1307 1661 1404 1694 socio
1421 1656 1572 1704 magistri
1590 1655 1728 1695 Antonii
1746 1663 1887 1705 pictoris
1903 1663 1962 1705 qui
1981 1663 2148 1697 laboravit
2163 1662 2330 1699 vdiebus
2359 1649 2373 1683 ’·

501 1724 573 1756 libr.
600 1723 657 1756 II...
683 1723 762 1756 Item
788 1723 842 1756 die
868 1722 959 1757 XXV
995 1723 1074 1756 dedi
1100 1723 1195 1756 socio
1230 1723 1381 1766 magIstri
1419 1719 1651 1767 Antonii-'pro
1675 1724 1717 1758 VI
1742 1725 1866 1759 diebus
1891 1726 1924 1758 in
1949 1725 2076 1768 quibus
2100 1725 2232 1759 adiuvIt
2252 1733 2332 1768 pre-
2356 1719 2372 1756 .’

501 1787 627 1819 dictum
647 1787 844 1828 magistrum
869 1783 947 1827 (pro
973 1785 1131 1818 fenestris
1156 1783 1288 1825 vitreis)
1313 1786 1388 1819 libr.
1416 1786 1452 1826 II,
1477 1787 1563 1820 sold.
1589 1787 1671 1820 VIII.
1697 1787 1776 1821 Item
1801 1788 1857 1821 die
1883 1788 1999 1822 ultima
2023 1788 2102 1822 dedi
2126 1782 2230 1822 socio
2257 1796 2332 1822 ma-

503 1850 597 1892 gistri
624 1848 760 1881 Antonii
787 1858 848 1890 pro
875 1848 926 1880 IIII
953 1849 1076 1882 diebus
1101 1848 1174 1881 libr.
1201 1848 1223 1888 I,
1249 1840 1342 1882 sold.
1361 1848 1430 1892 XIJ.
1447 1848 1605 1892 Seguono
1629 1850 1660 1883 le
1682 1859 1779 1893 spese
1813 1850 1870 1884 del
1890 1850 2073 1889 novembre,
2084 1850 2144 1894 fra
2159 1851 2233 1885 cui:
2249 1849 2330 1885 Item

502 1912 580 1944 dedi
607 1912 701 1944 socIo
726 1911 877 1953 magistri
903 1910 1040 1943 Antonii
1066 1911 1124 1952 qui
1150 1911 1317 1944 laboravit
1341 1909 1450 1944 tribus
1474 1911 1597 1945 diebus
1623 1912 1706 1946 libris
1722 1912 1744 1952 l·‚
1769 1913 1856 1946 sold.
1883 1912 1968 1946 llll...
1995 1913 2076 1946 Item
2093 1913 2150 1947 die
2165 1911 2227 1947 XV
2249 1912 2334 1947 dedi
2356 1904 2377 1947 ’.

503 1974 599 2007 socio
624 1974 775 2016 magistri
802 1973 939 2006 Antonii
965 1983 1027 2015 pro
1052 1974 1189 2006 duobus
1203 1974 1337 2013 diebus,
1352 1974 1438 2007 sold.
1453 1973 1559 2007 XVI...
1578 1974 1659 2008 Item
1673 1975 1728 2008 die
1742 1974 1830 2026 XVII
1844 1975 1922 2009 dedi
1938 1976 1971 2008 in
1985 1975 2104 2019 viginti
2119 1974 2216 2010 libris
2232 1971 2332 2009 vitrei
2346 1967 2377 2027 1.

504 2046 565 2079 pro
601 2037 748 2069 fenestra
785 2037 986 2078 campanilis
1005 2037 1130 2082 „,...lib,r.
1154 2036 1213 2081 III.
1233 2036 1312 2069 Item
1338 2037 1393 2070 die
1418 2036 1506 2070 XXII
1543 2037 1868 2072 dedi-incarnibus
1891 2041 1924 2072 et
1947 2047 2052 2072 caseo
2083 2047 2146 2081 pro
2169 2032 2377 2083 magistros}

504 2099 653 2132 Antonio
678 2101 710 2132 et
735 2100 830 2132 socio
855 2108 916 2141 pro
941 2099 1098 2140 pluribus
1124 2099 1270 2138 vicibus,
1295 2099 1382 2132 sold.
1409 2098 1476 2132 XII.
1502 2098 1766 2142 Seguonowultre
1788 2109 1886 2143 spese
1904 2109 1968 2143 per
1981 2100 2129 2143 finestre.
2153 2099 2235 2134 Item
2250 2097 2387 2140 dedii*

502 2171 565 2204 pro
591 2164 783 2204 reparatura
811 2162 912 2195 unius
936 2161 1013 2194 ferri
1039 2171 1102 2210 pro
1126 2162 1309 2194 solidando
1334 2161 1522 2204 pumblum‚
1546 2162 1741 2200 solemn.
1766 2163 1832 2197 Nel
1854 2172 1943 2197 mese
1959 2163 1996 2197 di
2009 2163 2174 2197 dicembre
2188 2162 2220 2197 le
2233 2162 2335 2210 spese
2354 2194 2373 2212 ῃ,

503 2233 586 2257 sono
612 2234 672 2266 pro
697 2225 767 2257 fieri
793 2224 952 2257 faciendo
977 2233 1081 2256 unum
1099 2211 1281 2257 asollarIum
1319 2233 1422 2266 super
1457 2225 1662 2267 campanile,
1696 2226 1812 2259 dando
1847 2235 1910 2268 pro
1946 2226 2086 2259 brachio
2120 2225 2208 2259 sold.
2233 2215 2374 2277 ἯΠΙῘῇξ

505 2287 582 2320 den.
608 2286 661 2326 Vl,
687 2295 818 2319 summa
843 2283 992 2335 est'libr.
1019 2286 1086 2326 VII,
1112 2286 1198 2319 sold.
1225 2286 1292 2319 XII.
1319 2286 1398 2320 Item
1424 2273 1479 2320 die
1504 2288 1612 2329 prima
1649 2288 1727 2321 dedi
1765 2289 1927 2331 magistro
1951 2288 2101 2322 Antonio
2126 2287 2246 2330 pictori
2268 2275 2385 2331 pros-'5-

504 2351 699 2391 reparatura
724 2349 854 2391 plumbi
880 2349 1024 2382 ecclesie
1041 2335 1094 2390 (3)
1118 2349 1268 2396 florenos
1293 2348 1395 2382 VIII...
1422 2349 1502 2382 Item
1527 2349 1607 2383 dedi
1632 2339 1728 2383 socio
1753 2351 1903 2393 magistri
1929 2350 2065 2384 Antonii
2090 2351 2149 2392 qui
2166 2342 2363 2395 laboravit}

504 2412 614 2444 tribus
638 2411 760 2444 diebus
786 2411 901 2444 dando
925 2420 987 2453 pro
1012 2411 1164 2452 qualibet
1188 2411 1274 2444 sold.
1301 2411 1377 2451 VIII,
1402 2419 1536 2445 summa
1559 2412 1703 2446 est‘libr.
1723 2413 1743 2452 l,
1761 2413 1847 2446 sold.
1873 2412 1933 2456 IllJ.
1948 2413 2028 2446 Item
2041 2413 2120 2446 dedi
2138 2421 2201 2455 pro
2220 2417 2344 2454 eamq

506 2474 659 2515 piscibus
684 2476 716 2506 et
740 2482 842 2506 caseo
867 2483 928 2515 pro
954 2474 1115 2516 magistro
1140 2473 1288 2506 Antonio
1313 2475 1345 2506 et
1369 2474 1439 2507 filio
1463 2476 1496 2508 et
1520 2461 1588 2508 alio
1612 2470 1709 2508 so'ci0
1733 2475 1820 2509 sold.
1846 2475 1959 2518 XIIIJ...
1985 2475 2065 2509 Item
2090 2475 2146 2509 die
2170 2474 2236 2508 XIII
2253 2469 2357 2510 dodi

2320 2604 2327 2616 ¹
2348 2607 2362 2623 ἴ.

563 2633 594 2658 (1)
608 2632 680 2655 Come
695 2633 714 2654 si
729 2633 796 2659 vede,
812 2633 832 2654 le
847 2632 942 2654 finestre
957 2638 970 2654 a
985 2633 1044 2654 vetri
1059 2638 1130 2654 erano
1144 2638 1158 2654 a
1174 2633 1227 2660 quei
1243 2633 1314 2659 tempi
1329 2638 1395 2655 vera·
1449 2636 1519 2661 pesse
1528 2634 1596 2656 l'arte
1611 2634 1762 2658 delxcolorIre
1776 2635 1783 2657 l
1797 2635 1865 2657 vetri-
1880 2635 1897 2657 ll
1911 2640 1956 2657 suo
1966 2635 2047 2657 lavoro
2058 2641 2104 2657 non
2114 2640 2154 2657 era
2164 2633 2361 2663 dioclem}

510 2679 586 2699 mente
601 2683 632 2699 un
647 2677 720 2699 Ilisso.
737 2677 819 2699 Dilatti
835 2677 968 2699 documenti
984 2677 1050 2699 coevi
1065 2677 1216 2704 c'Insegnano
1235 2677 1277 2699 che
1299 2677 1320 2699 le
1341 2677 1397 2699 fine-
1450 2678 1496 2703 (cio
1511 2678 1553 2700 che
1568 2678 1659 2701 doveva
1673 2678 1730 2702 farsi
1744 2679 1804 2702 nella
1817 2679 1930 2706 fornace),
1945 2685 1982 2701 rna
1997 2679 2019 2701 dl
2034 2679 2146 2706 semplice
2161 2679 2276 2706 lem-turn.
2316 2702 2325 2705 λ

510 2723 558 2742 stre
573 2721 632 2742 delle
647 2721 727 2743 scuole
749 2721 938 2743 universitarie-e
953 2721 1012 2742 delle
1033 2721 1082 2742 sale
1103 2720 1126 2742 di
1147 2720 1271 2743 adunanza
1293 2721 1329 2743 del
1352 2721 1395 2742 Po·
1502 2722 1712 2748 (2)·Cniamavansl
1727 2723 1820 2750 rotella,
1835 2723 1933 2750 percnei
1944 2723 2003 2745 vetri
2013 2728 2084 2745 erano
2098 2729 2112 2744 a
2127 2721 2363 2760 piccolidlnm

510 2765 578 2787 desta
594 2771 606 2787 e
621 2765 657 2787 del
679 2765 799 2792 Consiglio
820 2771 892 2787 erano
916 2765 989 2787 difese
1004 2765 1034 2787 da
1048 2753 1103 2787 tela.
1129 2765 1160 2787 La
1183 2765 1332 2787 IavorazIone
1356 2766 1392 2787 dei
1448 2767 1523 2788 tenuti
1538 2767 1635 2789 Insieme
1649 2767 1678 2789 da
1700 2773 1746 2790 una
1767 2768 1873 2795 legatum
1887 2767 1910 2789 di
1925 2767 2030 2794 piorum,
2052 2768 2148 2794 proprio
2169 2772 2236 2789 come

511 2809 569 2830 verri
585 2809 607 2830 in
624 2809 695 2831 Pavia
710 2809 824 2831 comIncio
838 2809 891 2831 solo
906 2810 967 2831 cirea
981 2809 1026 2831 alla
1041 2809 1103 2831 meta
1118 2809 1155 2831 del
1170 2809 1249 2831 secolo
1264 2809 1316 2836 XV;
1338 2815 1351 2831 e
1373 2810 1395 2831 di
1451 2811 1505 2838 oggi
1519 2811 1539 2833 si
1551 2812 1687 2834 mede-nella
1697 2814 1779 2834 nostra
1789 2812 1893 2839 basilien,
1908 2812 1944 2834 nei
1959 2812 1996 2834 cui
2007 2812 2115 2839 testanti,
2130 2812 2150 2834 si
2161 2817 2277 2834 curuono
2288 2805 2353 2840 nu*

511 2854 550 2879 qui
566 2855 584 2875 si
601 2854 682 2880 spiega
697 2860 763 2876 come
778 2855 784 2876 i
800 2854 873 2876 nostri
890 2854 998 2881 Religiosi
1015 2859 1056 2881 per
1071 2854 1113 2875 dar
1124 2854 1178 2876 vluce
1193 2854 1238 2876 alla
1249 2854 1341 2881 chiesa,
1351 2855 1397 2877 alla
1451 2855 1494 2877 che
1509 2856 1586 2882 questi
1602 2856 1684 2878 minuti
1699 2856 1842 2883 particolari.
2301 2870 2358 2887 5,

511 2898 602 2919 libreria
618 2898 646 2919 ed
661 2898 706 2919 alla
721 2899 836 2925 sagrestia
858 2898 982 2920 dovettero
1007 2898 1117 2926 mandare
1131 2904 1146 2920 a
1160 2899 1261 2931 Venezia
1283 2899 1311 2920 ed
1325 2905 1339 2921 a
1354 2899 1399 2921 Bo-
1506 2900 1537 2926 (3)
1551 2900 1653 2922 Antonio
1667 2900 1799 2928 Genovese,
1813 2901 1948 2923 veramente
1962 2900 2050 2928 pitture
2065 2906 2078 2922 e
2092 2906 2138 2922 non
2155 2896 2353 2928 {mutuamina-,³

511 2943 587 2968 logna.
604 2942 655 2964 Non
670 2943 787 2964 crediamo
798 2943 844 2964 »che
859 2943 896 2964 dal
905 2942 996 2969 >vedere
1011 2943 1036 2965 in
1049 2943 1127 2971 questi
1142 2943 1204 2965 conti
1221 2943 1235 2965 il
1251 2944 1338 2970 pitture
1352 2943 1398 2966 An·
1451 2950 1517 2966 come
1532 2945 1555 2966 Io
1570 2950 1716 2972 proveranno
1731 2945 1737 2967 l
1752 2945 1804 2967 suoi
1819 2945 1893 2967 lavari
1907 2945 1950 2967 che
1964 2945 2075 2967 vem-emo
2090 2945 2112 2966 in
2126 2944 2228 2972 seguito,
2240 2941 2366 2974 ηιιίιρε

512 2987 576 3008 tonio
591 2986 713 3009 Genovese
728 2989 844 3013 occupato
859 2987 986 3013 nell'opera
1001 2987 1061 3009 delle
1075 2987 1180 3017 finestre,
1195 2993 1221 3010 se
1236 2994 1264 3010 ne
1279 2994 1351 3015 possa
1361 2994 1397 3010 ar·
1451 2989 1542 3016 parisce
1555 2989 1629 3011 anche
1643 2990 1736 3011 valente
1750 2989 1878 3016 saldatore,
1895 2989 1980 3016 perche
1993 2995 2008 3011 a
2022 2989 2054 3011 lui
2069 2989 2082 3011 ὲ
2095 2989 2194 3011 affidata
2207 2989 2230 3011 la
2244 2989 2332 3016 τίμα-ιγ’
2346 2979 2347 2983 ’

511 3031 584 3058 guire,
600 3037 665 3053 come
676 3032 744 3053 vuole
756 3032 770 3052 il
781 3031 913 3054 Mornnoffl
929 3037 964 3058 ορ.
981 3032 1021 3053 cit.
1037 3037 1091 3058 pag.
1106 3032 1140 3059 81,
1156 3033 1198 3054 che
1212 3033 1227 3054 il
1243 3034 1346 3055 maestro
1356 3039 1393 3055 sa-
1447 3033 1514 3055 zione
1529 3033 1589 3055 delle
1603 3034 1675 3056 lastre
1690 3034 1712 3055 di
1729 3034 1833 3061 piorum,
1847 3034 1890 3056 che
1904 3033 2032 3061 coprivano
2047 3033 2062 3055 il
2079 3034 2141 3056 reno
2155 3033 2216 3056 della
2229 3032 2326 3060 Chim,
2339 3059 2343 3062 ,
2358 3036 2378 3070 ¹.
