2496 3600
698 8 705 22 t
759 23 766 30 κ
785 3 793 12 ·‹
803 12 805 14 -
855 0 962 27 >vves-7*
1091 0 1110 2 ”

1995 251 2039 283 65

167 419 169 421 ,
218 414 221 418 ⁴
254 385 329 420 neie
351 382 494 423 sicissie,
524 382 626 416 frater
657 382 825 416 lohannes
860 383 903 416 de
940 382 1105 416 Percicho
1129 382 1291 415 diffinitor
1325 382 1501 424 provincie
1537 381 1642 414 Terre
1678 384 1806 421 sancte,
1843 381 1945 414 frater
1970 382 2040 414 An-

215 446 331 496 tonius
354 445 516 479 diffinitor
537 445 713 487 provincie
738 444 893 484 Bavarie,
917 444 1020 477 frater
1043 443 1248 478 Chonradus
1273 444 1315 477 de
1340 443 1484 479 Rochuil
1509 443 1671 476 diffinitor
1699 443 1873 485 provincie
1899 443 1982 477 Reni
2007 446 2039 476 et

123 501 175 515 ’
217 507 352 549 Svevie,
386 507 488 541 frater
515 506 682 540 lohannes
709 507 753 540 de
782 506 938 540 Brenode
971 506 1133 539 diffinitor
1167 506 1342 548 provincie
1371 505 1526 545 Colonie,
1554 505 1656 538 frater
1684 505 1851 538 lohannes
1879 505 1922 538 de
1958 505 2040 538 Ver-

123 579 126 588 ·
147 562 155 570 Ὺ
217 570 314 615 gocis
340 567 392 612 (l)
415 569 578 602 diffinitor
600 578 662 612 pro
686 569 863 611 provincia
881 568 1071 608 Provincie,
1088 569 1190 602 frater
1213 569 1375 602 Matheus
1399 568 1442 601 de
1471 566 1657 601 Cremasco
1681 567 1843 600 diffinitos
1864 568 2039 608 provincie

218 618 472 671 Narbonensis,
506 631 609 664 frater
644 630 812 664 lohannes
835 631 878 664 de
906 630 1066 674 Ponteria
1100 630 1263 664 diffinitor
1301 630 1477 672 provincie
1521 629 1716 669 tholozane,
1762 629 1864 662 frater
1895 628 2039 662 lacobus

120 728 123 731 ,
217 693 334 729 Romei
351 693 512 726 diffinitor
534 693 710 734 provincie
735 691 947 732 Cathalonie,
975 692 1077 725 frater
1105 691 1269 725 Alfonsus
1294 692 1462 724 Fernandi
1487 691 1649 724 diffinitor
1670 691 1845 733 provincie
1878 690 2039 732 Yspanie;

217 757 291 799 ipse
326 755 495 797 siquidem
531 754 736 788 venerabilis
770 754 873 788 frater
900 753 1104 788 Guillelmus
1127 755 1170 788 de
1195 753 1364 788 Cremona
1388 753 1485 787 Prior
1508 755 1541 786 et
1565 754 1726 796 magister
1761 752 1940 786 Generalis
1965 762 2041 794 pre-

216 817 306 852 fatus
329 826 392 851 nec
416 826 484 850 non
502 818 541 858 et
564 816 684 859 prefati
709 818 742 850 et
773 817 988 850 venerabiles
1018 817 1138 850 fratres
1175 817 1443 859 supranominati
1479 818 1512 849 et
1548 824 1667 849 omnes
1702 815 1803 848 simul
1840 815 2041 848 unanimiter

217 879 463 915 concordantes
486 881 520 912 et
543 879 576 911 in
601 879 716 921 aliquo
751 879 887 912 minime
923 879 1159 921 discrepantes
1189 881 1222 912 et
1246 879 1288 912 de
1313 887 1485 911 consensu
1521 880 1559 911 et
1585 877 1759 911 voluntate
1795 877 1875 910 dicti
1912 877 2040 910 domini

130 976 139 980 ,,
216 940 417 982 Generallis,
441 941 655 984 pacta'facta
680 950 770 983 uque
795 941 838 974 ad
864 941 926 974 hec
951 943 1105 983 tempora
1140 941 1225 974 alias
1250 941 1336 973 inter
1359 939 1522 974 Ordinem
1548 940 1637 973 beati
1670 939 1852 982 Augustini
1877 949 1920 972 ex
1945 941 2040 981 parte

218 1012 284 1039 una
307 1004 340 1037 et
363 1002 531 1036 Abbatem
555 1004 588 1036 et
612 1001 826 1036 Conventum
851 1001 966 1036 Sancti
992 1002 1081 1035 Petri
1110 1003 1143 1035 in
1172 1001 1256 1036 Celo
1280 1011 1384 1035 aureo
1409 1002 1609 1044 papiensem
1633 1011 1677 1035 ex
1702 1001 1817 1041 altera,
1842 1002 2040 1034 auctoritate

217 1066 384 1110 presentis
408 1064 558 1107 Capituli
582 1065 750 1107 aprobant
766 1067 799 1098 et
816 1065 980 1098 ratificant
997 1066 1030 1098 et
1054 1065 1254 1098 confirmant
1277 1074 1321 1098 ex
1346 1066 1438 1097 certa
1461 1065 1593 1104 sientia,
1619 1066 1718 1106 prout
1742 1064 1876 1097 fuerunt
1893 1064 1992 1097 etiam
2007 1064 2040 1096 in

216 1128 410 1172 precedenti
434 1126 595 1170 Capitulo
619 1126 777 1161 Generali
795 1127 966 1160 celebrato
984 1127 1136 1161 Venetiis
1164 1127 1372 1166 confirmata,
1396 1127 1585 1160 secundum
1611 1127 1747 1159 modum
1777 1127 1834 1168 qui
1860 1127 1892 1159 in
1918 1126 2042 1159 instru-

216 1190 338 1224 mentis
361 1198 466 1232 super
489 1190 542 1223 his
559 1189 724 1223 confectis
760 1189 895 1231 plenius
931 1189 1131 1222 continetur.
1160 1188 1200 1222 Et
1224 1189 1266 1221 de
1292 1189 1355 1221 hac
1380 1189 1634 1221 confirmatione
1659 1189 1882 1230 prenominati
1908 1188 2041 1221 Fratres

217 1253 351 1287 nomine
386 1252 535 1285 omnium
571 1260 715 1294 quorum
751 1252 890 1284 interest
925 1253 958 1284 et
994 1251 1142 1284 intererit
1174 1251 1207 1283 in
1243 1250 1391 1283 futurum
1432 1251 1600 1292 petierunt
1636 1251 1736 1283 michi
1774 1251 1904 1283 notario
1941 1250 2042 1283 infra-

216 1315 343 1357 scripto
377 1315 428 1347 eis
459 1314 531 1347 fieri
566 1313 741 1356 publicum
778 1314 1046 1346 instrumentum.
1073 1312 1158 1345 Acta
1186 1312 1321 1345 fuerunt
1346 1313 1408 1345 hec
1434 1313 1467 1344 in
1492 1312 1628 1345 civitate
1653 1310 1793 1351 Grasse,
1818 1312 1851 1344 in
1877 1312 1952 1344 loco
1977 1310 2041 1344 Or-

214 1376 481 1418 dinis-predicti,
505 1375 616 1415 Anno,
633 1375 829 1415 indictione,
854 1375 920 1415 die,
945 1383 1062 1408 mense
1087 1376 1120 1408 et
1143 1374 1342 1416 pontificatu
1367 1374 1541 1415 predictis.
1567 1373 1790 1406 Presentibus
1815 1374 1933 1415 probis
1958 1373 2040 1406 viris

215 1436 397 1472 Guillelmo
433 1437 604 1477 Monterii,
640 1437 791 1475 Fulcone
814 1436 968 1470 Verderit
992 1436 1143 1476 notariis,
1168 1435 1292 1469 Iacobo
1317 1435 1435 1470 Ravitz
1459 1437 1492 1468 et
1516 1435 1723 1468 lancerando
1752 1435 1795 1468 de
1831 1435 2040 1474 Mediolano,

217 1500 351 1534 civibus
375 1500 523 1533 civitatis
547 1498 675 1533 Grasse
699 1499 846 1532 testibus
871 1499 1004 1532 vocatis
1028 1498 1223 1541 specialiter
1245 1498 1289 1531 ad
1314 1492 1467 1540 predicta
1491 1498 1663 1530 audienda
1688 1498 1826 1540 rogatis.

290 1561 344 1599 ,Et
359 1571 432 1605 -ego
457 1561 665 1595 Bertrandus
689 1561 880 1599 Monterius
916 1561 1068 1595 notarius
1104 1560 1264 1603 publicus
1289 1561 1333 1593 ab
1357 1560 1587 1593 illustrissimo
1612 1560 1751 1592 domino
1776 1559 1924 1594 Roberto
1949 1559 2040 1602 Rege

214 1623 411 1665 Yerusalem
435 1626 468 1657 et
491 1622 606 1657 Sicilie
631 1624 847 1663 constitutus,
872 1625 1012 1666 rogatus
1036 1623 1123 1656 hanc
1148 1624 1273 1656 cartam
1299 1623 1422 1664 scripsi
1447 1624 1480 1658 et
1505 1622 1604 1664 signo
1630 1622 1877 1664 meosignavi.

1026 1878 1226 1920 XXIX.

304 1989 411 2020 Frate
434 1990 610 2027 Agostino
634 1990 680 2019 da
705 1989 853 2019 Padova
891 1989 1111 2027 provinciale
1136 1987 1414 2019 ditLombardia
1450 1997 1618 2026 competa
1643 1988 1703 2018 dai
1727 1987 1897 2017 Canonici
1933 1988 2039 2016 Late-

217 2043 335 2074 ranesi
357 2043 415 2083 pel
439 2043 622 2091 Convento
646 2043 683 2073 di
707 2043 743 2073 S.
769 2042 945 2081 Agostino
969 2052 1015 2072 un
1039 2043 1176 2073 sedime
1203 2051 1331 2080 presso
1349 2043 1385 2072 S.
1404 2042 1525 2072 Pietro
1543 2042 1579 2071 in
1595 2042 1671 2071 Ciel
1689 2041 1803 2077 d'oro,
1823 2041 2040 2071 assumendo

217 2095 388 2134 l'olfbligo
412 2096 449 2126 di
472 2105 519 2126 un
543 2105 658 2126 annuo
682 2096 817 2127 livello.

869 2202 1025 2235 1336,
1054 2202 1275 2235 egesto,
1303 2201 1383 2227 31.

698 2290 816 2315 (ArchivIo
831 2290 854 2312 di
869 2290 946 2317 Statu,
961 2290 1050 2312 Milano
1065 2301 1091 2305 —
1106 2289 1211 2317 Pergam.
1228 2289 1251 2312 S.
1268 2289 1347 2312 pietro
1361 2289 1385 2311 ln
1399 2288 1448 2311 ciel
1463 2288 1548 2314 d'oro).

290 2475 408 2593 Α
465 2492 544 2521 ΝΝΟ
568 2497 588 2521 a
613 2487 786 2520 nativitate
819 2486 955 2520 Domini
996 2488 1176 2522 millesimo
1215 2488 1454 2522 trecentesimo
1493 2487 1667 2529 trigesimo
1707 2487 1818 2525 sexto,
1859 2484 2042 2517 indictione

486 2552 616 2592 quarta,
641 2550 696 2583 die
720 2550 855 2583 sabbati
881 2549 997 2582 ultimo
1033 2551 1162 2584 mensis
1201 2550 1358 2594 Augusti,
1384 2551 1416 2583 in
1442 2549 1549 2591 Papia
1586 2549 1745 2582 videlicet
1770 2549 1802 2580 in
1828 2547 2043 2588 infrascripto

485 2613 662 2646 sedimine.
687 2611 900 2655 Venerabilis
917 2613 968 2645 vir
991 2612 1150 2646 dominus
1174 2612 1275 2646 frater
1299 2613 1429 2655 Filipus
1453 2612 1562 2645 abbas
1587 2611 1780 2644 monasterii
1807 2608 1921 2643 Sancti
1953 2609 2043 2642 Petri

219 2674 253 2708 in
269 2674 344 2709 celo
359 2684 463 2708 aureo
487 2674 593 2717 Papie
618 2673 758 2708 Ordinis
782 2672 815 2707 S.
834 2673 1026 2716 Augustini,
1044 2675 1272 2716 presentibus,
1298 2674 1492 2707 volentibus
1510 2675 1543 2706 et
1560 2673 1589 2705 ei
1609 2671 1901 2705 consentientibus
1919 2671 1951 2703 in
1969 2680 2042 2704 om-

220 2737 321 2771 nibus
333 2738 366 2770 et
379 2737 523 2780 singulis
536 2737 761 2779 infrascriptis
773 2736 873 2770 fratre
888 2734 990 2775 Gilio,
1003 2736 1103 2781 fratre
1117 2735 1230 2776 Carlo,
1243 2736 1343 2769 fratre
1358 2735 1525 2774 Rubaldo,
1539 2735 1639 2767 fratre
1654 2733 1816 2774 oliverio,
1829 2733 1929 2766 fratre
1944 2732 2051 2767 Geor-

220 2798 277 2842 gio
292 2801 325 2832 et
340 2798 440 2832 fratre
457 2798 675 2841 Appollonio,
693 2798 867 2832 Fratribus
883 2800 916 2831 et
933 2796 1118 2832 Canonicis
1135 2799 1348 2841 regularibus
1365 2798 1446 2830 dicti
1464 2796 1658 2830 monasterii
1677 2794 1791 2829 Sancti
1809 2795 1898 2828 Petri
1917 2795 2042 2829 ibidem

216 2860 264 2894 de
281 2861 439 2894 mandato
455 2862 565 2904 ipsius
581 2861 708 2894 domini
726 2860 871 2895 Abbatis
888 2861 931 2893 ad
949 2860 1133 2902 capitulum
1152 2869 1243 2893 more
1261 2860 1361 2894 solito
1378 2859 1577 2892 convocatis
1591 2860 1623 2891 et
1636 2858 1851 2900 congregatis
1868 2866 1930 2899 pro
1943 2857 2045 2891 infra—

222 2923 349 2966 scripto
374 2924 518 2966 negocio
542 2923 736 2966 specialiter
759 2922 917 2956 faciendo
941 2924 974 2955 et
997 2923 1054 2964 qui
1080 2922 1200 2955 fratres
1225 2924 1304 2955 sunt
1329 2930 1448 2954 omnes
1473 2921 1506 2953 in
1531 2921 1623 2953 dicto
1648 2920 1854 2953 monasterio
1873 2920 2044 2953 ressiden-

278 3097 310 3125 (1)
323 3092 342 3121 E
355 3097 418 3121 forse
432 3098 463 3121 da
477 3098 622 3121 ldennflmre
635 3103 680 3121 con
694 3097 754 3120 irate
768 3097 883 3121 Glovannl
906 3096 1016 3124 vergonl,
1033 3097 1106 3118 eletto
1161 3101 1264 3118 vescovo
1278 3094 1302 3117 dl
1316 3094 1380 3118 Sutri
1395 3095 1432 3117 nel
1449 3095 1508 3122 1342,
1524 3094 1547 3116 di
1562 3094 1600 3117 cul
1615 3094 1668 3117 vedl
1683 3094 1801 3122 Tomi-u,
1812 3094 1858 3117 vol.
1875 3094 1902 3116 V.
1918 3099 1972 3121 pag.
1989 3093 2037 3116 536.

2024 3146 2038 3168 9
