2496 3600
1952 274 2007 306 181

1081 554 1131 596 C.

286 656 345 687 Gli
368 657 595 694 Agostiniani
620 660 808 697 appellano
833 661 930 691 dalla
966 667 1136 692 sentenza
1161 663 1218 693 del
1243 665 1410 695 Vescovo
1446 666 1482 695 di
1519 667 1642 705 Pavia,
1669 668 1712 697 ed
1738 668 1763 697 11
1788 669 2019 700 Vicecancel-

132 715 147 730 ¹2
197 709 284 741 liere
308 709 344 740 di
369 710 479 740 Santa
503 710 645 751 Chiesa,
670 712 872 743 Francesco
897 715 1079 745 Morieotti
1104 717 1294 747 Cardinale
1318 718 1486 748 Vescovo
1511 719 1547 748 di
1571 720 1785 760 Palestrina,
1810 722 1918 752 eletto
1943 724 2018 760 giu-

198 763 277 795 dice
299 763 384 793 nell’
399 764 552 802 appello,
578 765 730 795 informa
754 767 765 796 i
790 767 960 798 Canonici
985 769 1028 798 ed
1053 769 1078 798 il
1103 770 1180 800 loro
1204 770 1478 807 Conservatore,
1505 774 1754 811 suspendendo
1779 774 2017 806 l'eseeuzione

119 815 125 822 “
172 842 174 845 .
197 817 293 847 della
317 821 487 847 sentenza
503 815 565 858 (1).

799 916 956 950 1392,
985 921 1330 953 novembre,
1358 921 1412 947 8.

688 1003 758 1030 (Bibl.
773 1004 840 1027 Unlv.
857 1005 879 1026 di
895 1004 975 1033 Pavia,
990 1005 1049 1029 Cod.
1065 1012 1087 1028 n.
1102 1007 1143 1029 428
1157 1018 1182 1022 —
1197 1007 1303 1035 Pergam.
1319 1009 1341 1031 di
1357 1008 1380 1031 S.
1396 1009 1528 1036 Agostino).

283 1186 372 1305 F
442 1203 650 1234 RANCISCUS
674 1201 897 1234 miseracione
921 1202 1037 1235 divina
1070 1203 1263 1246 Episcopus
1300 1207 1516 1247 prenestinus
1541 1210 1657 1241 sancte
1690 1208 1839 1243 Romane
1865 1210 2018 1244 Ecclesie

464 1261 657 1296 Cardinalis
671 1265 703 1296 et
720 1263 1155 1305 Vicecanzellarius,iudex
1174 1269 1206 1300 et
1223 1269 1443 1302 comissarius
1473 1279 1651 1303 causarum
1677 1273 1709 1304 et
1734 1281 1848 1312 cause,
1874 1282 1913 1305 ac
1939 1282 2016 1315 par-

463 1327 555 1359 tibus
581 1326 806 1368 infrascriptis
830 1336 849 1360 a
874 1328 1013 1361 domino
1049 1331 1165 1362 nostro
1191 1330 1285 1372 Papa
1310 1332 1502 1373 specialiter
1532 1333 1726 1375 deputatus,
1763 1336 1950 1368 reverendo
1986 1336 2018 1368 in

198 1387 336 1422 Christo
359 1389 445 1431 patri
471 1389 610 1422 domino
634 1388 697 1422 Dei
722 1390 830 1432 gratia
855 1390 1029 1433 Episcopo
1066 1393 1258 1426 novariensi
1296 1394 1439 1436 eiusque
1475 1396 1612 1428 vicariis
1648 1396 1680 1428 in
1717 1391 1964 1438 spiritualibus
1989 1400 2020 1431 et

198 1451 455 1494 temporalibus,
473 1452 718 1485 commissariis
735 1454 768 1485 et
791 1452 998 1487 officialibus
1023 1456 1055 1487 et
1080 1463 1194 1487 eorum
1232 1456 1307 1489 loca
1339 1458 1544 1497 tenentibus,
1577 1467 1639 1491 nec
1662 1468 1729 1491 non
1766 1460 2020 1493 venerabilibus

199 1515 233 1547 et
255 1514 425 1557 religiosis
450 1514 532 1547 viris
558 1514 706 1547 dominis
731 1514 856 1548 Abbati
882 1518 914 1548 et
939 1514 1132 1550 Conventui
1158 1518 1190 1550 in
1216 1516 1300 1551 Celo
1325 1528 1429 1552 aureo
1453 1521 1622 1562 papiensi,
1647 1521 1876 1563 omnibusque
1893 1522 1970 1555 aliis
1987 1524 2019 1555 et

198 1577 343 1620 singulis
367 1586 512 1619 quorum
537 1578 676 1610 interest
712 1578 765 1610 vel
791 1578 950 1619 intererit,
975 1581 1033 1612 aut
1057 1589 1145 1621 quos
1170 1580 1421 1623 infrascriptum
1445 1583 1553 1624 tangit
1578 1584 1770 1625 negocium,
1796 1593 1857 1617 seu
1882 1586 2019 1627 tangere

197 1639 319 1682 poterit
347 1639 605 1682 quomodolibet
630 1640 662 1672 in
687 1640 847 1680 futurum,
873 1641 1016 1674 salutem
1035 1643 1066 1674 in
1085 1641 1232 1676 Domino
1249 1646 1282 1676 et
1299 1645 1517 1686 presentibus
1533 1646 1635 1678 fidem
1654 1646 1828 1679 indubiam
1846 1647 2017 1680 adhibere.

238 1725 242 1730 .
284 1701 457 1735 Noveritis
481 1702 574 1744 quod
600 1711 704 1744 super
727 1704 923 1745 expositum
948 1706 980 1737 et
1004 1705 1233 1747 supplicatum
1260 1707 1478 1740 sanctissimo
1503 1708 1535 1740 in
1561 1706 1698 1741 Christo
1727 1709 1812 1750 patri
1831 1715 1864 1742 et
1880 1709 2019 1742 domino

195 1765 312 1798 nostro
336 1765 475 1797 domino
499 1764 677 1798 Bonifacio
702 1766 819 1798 divina
843 1765 1061 1800 Providentia
1085 1767 1179 1810 Pape
1205 1778 1294 1801 nono
1319 1778 1422 1811 super
1446 1770 1512 1803 hiis
1545 1779 1611 1812 que
1637 1771 1669 1803 in
1694 1771 1842 1812 quadam
1879 1772 2020 1813 exposi-

194 1826 297 1860 tionis
321 1827 395 1860 sive
420 1827 683 1869 supplicationis
708 1828 831 1861 cedula
856 1830 1080 1869 continentur,
1105 1831 1204 1863 cuius
1228 1832 1324 1863 tenor
1348 1832 1502 1873 sequitur
1526 1834 1559 1865 et
1583 1834 1636 1865 est
1659 1832 1758 1866 talis:

284 1888 486 1923 Beatissime
512 1889 622 1930 Pater,

282 1951 420 1985 Dudum
445 1953 478 1985 in
503 1953 668 1994 partibus,
693 1954 783 1986 circa
808 1955 981 1987 materiam
1006 1956 1196 1996 questionis
1211 1956 1295 1989 inter
1311 1955 1478 1989 Abbatem
1504 1959 1536 1990 et
1561 1955 1776 1990 Conventum
1801 1959 1909 1991 sancti
1928 1957 2016 1991 Petri

193 2015 227 2048 in
251 2014 326 2048 celo
349 2024 453 2048 aureo
478 2016 677 2057 papiensem
702 2025 745 2049 ex
772 2026 848 2056 una,
873 2019 906 2050 et
930 2016 1078 2050 Priorem
1104 2019 1136 2051 et
1172 2016 1386 2052 Conventum
1422 2019 1560 2052 fratrum
1597 2020 1840 2053 Heremitarum
1878 2020 2017 2054 Ordinis

192 2077 300 2110 sancti
326 2076 508 2120 Augustini
534 2077 650 2119 Papie,
675 2078 717 2111 de
743 2080 775 2111 et
799 2087 902 2120 super
938 2080 1110 2113 nonnullis
1145 2080 1367 2121 funeralibus,
1404 2081 1504 2115 bonis
1540 2083 1783 2122 immobilibus,
1820 2083 1952 2116 iuribus
1983 2085 2016 2116 et

193 2139 296 2172 rebus
319 2139 397 2172 aliis
421 2141 454 2172 et
478 2148 594 2172 eorum
619 2141 812 2180 occasione,
848 2143 943 2182 parte
968 2144 1011 2174 ex
1036 2142 1151 2182 altera,
1187 2152 1300 2176 coram
1337 2144 1522 2177 reverendo
1559 2146 1653 2186 patre
1678 2145 1817 2177 domino
1842 2144 2015 2187 Episcopo

191 2201 348 2244 papiensi
373 2203 534 2244 pretenso
559 2204 810 2243 conservatore,
835 2203 936 2236 dictis
961 2203 1086 2237 Abbati
1111 2207 1143 2237 et
1160 2203 1352 2238 Conventui
1369 2215 1429 2248 per
1446 2205 1569 2239 Sedem
1587 2206 1820 2248 Apostolica'm
1839 2207 2012 2249 deputato,

193 2264 226 2296 in
251 2264 367 2297 causis
392 2264 478 2297 inter
501 2265 611 2298 dictas
636 2267 750 2307 partes
775 2266 853 2298 hinc
879 2266 956 2299 inde
981 2267 1202 2307 vertentibus,
1227 2276 1339 2300 coram
1365 2268 1486 2301 eodem
1511 2268 1684 2311 Episcopo
1720 2278 1920 2311 processum
1950 2269 2012 2302 fuit

192 2334 302 2368 usque
326 2327 369 2359 ad
395 2327 595 2360 sententiam
620 2327 808 2361 exclusive.
835 2327 875 2361 Et
899 2329 1035 2361 demum
1060 2331 1200 2371 propter
1224 2330 1357 2372 lapsum
1383 2331 1604 2372 quinquennii
1631 2332 1663 2363 in
1689 2331 1807 2364 litteris
1831 2341 2014 2365 conserva-

190 2389 275 2422 torie
300 2389 458 2429 contenti,
484 2398 546 2431 pro
571 2390 666 2431 parte
690 2390 875 2423 eorundem
912 2389 1056 2424 Abbatis
1081 2393 1114 2424 et
1138 2389 1348 2432 Conventus,
1373 2393 1463 2426 dicte
1499 2402 1602 2426 cause
1627 2395 1840 2436 reassumpte
1879 2394 2014 2427 fuerunt

190 2459 305 2484 coram
330 2451 450 2484 eodem
475 2451 650 2494 Episcopo
674 2452 842 2494 papiensi,
866 2454 1039 2494 tamquam
1064 2453 1288 2497 subdelegato
1312 2463 1332 2488 a
1356 2455 1544 2488 reverendo
1579 2457 1674 2498 patre
1707 2456 1881 2498 Episcopo
1906 2465 2012 2490 nova-

189 2513 302 2553 riensi,
335 2514 496 2555 pretenso
528 2516 768 2548 conservatore
797 2515 926 2548 eisdem
960 2514 1084 2549 Abbati
1117 2517 1149 2549 et
1178 2515 1370 2550 Conventui
1403 2519 1483 2560 post
1507 2518 1633 2551 dictum
1659 2519 1927 2560 quinquennium
1952 2519 2012 2552 de-

191 2577 319 2617 putato.

257 2637 330 2677 Qui.
349 2638 544 2681 Episcopus
570 2639 747 2681 papiensis
771 2639 881 2673 taliter
904 2640 1049 2682 qualiter
1084 2642 1285 2683 procedens,
1321 2643 1534 2683 sententiam,
1571 2645 1687 2676 contra
1723 2643 1834 2676 dictos
1859 2642 2007 2677 Priorem

189 2701 222 2734 et
246 2698 461 2734 Conventum
486 2701 625 2734 fratrum
650 2701 731 2735 dicti
756 2700 896 2736 Ordinis
920 2704 952 2736 et
976 2711 1038 2745 pro
1061 2703 1162 2737 dictis
1186 2703 1319 2737 Abbate
1343 2706 1376 2738 et
1400 2703 1590 2745 Conventu,
1627 2705 1938 2739 condemnatoriam
1975 2707 2008 2739 in

189 2762 279 2796 mille
302 2763 440 2797 florenis
463 2764 536 2797 auri
560 2765 593 2797 et
617 2763 694 2797 aliis
719 2764 822 2798 rebus
846 2765 931 2805 tulit,
955 2766 1055 2799 cuius
1078 2767 1226 2799 tenorem
1253 2767 1376 2800 habere
1401 2767 1585 2810 dignemini
1621 2777 1684 2810 pro
1719 2767 1925 2802 sufficienter
1949 2778 2009 2802 ex—

189 2833 322 2867 presse,
347 2835 367 2860 a
390 2835 459 2868 qua
482 2825 545 2860 fuit
569 2835 631 2868 pro
655 2828 750 2868 parte
774 2827 942 2860 dictorum
966 2826 1093 2861 Prioris
1117 2830 1150 2861 et
1174 2827 1375 2863 Conventus
1399 2830 1432 2862 in
1459 2829 1525 2863 illis
1550 2830 1715 2872 passibus
1739 2832 1772 2864 et
1796 2831 1949 2864 articulis
1975 2831 2008 2864 in

242 2983 275 3010 (1)
289 2977 308 3006 Ε
321 2984 367 3007 ben
380 2985 487 3007 naturale
501 2985 544 3008 che
557 2985 588 3013 gli
603 2985 750 3013 Agostinlani
763 2986 926 3013 appell-assero
940 2985 1002 3008 dalla
1019 2991 1070 3013 pre-
1123 2986 1184 3009 tetto
1207 2987 1357 3015 sospens1v0;
1378 2993 1416 3010 ma
1439 2987 1524 3015 perche
1545 2988 1560 3010 ll
1581 2988 1690 3011 vescovo
1708 2988 1731 3010 di
1746 2988 1849 3016 Novata,
1873 2988 1952 3012 Pletro
1975 2989 2005 3012 da

188 3026 286 3051 cedente
300 3034 401 3056 gravosa
415 3030 528 3052 sentenza
542 3029 580 3052 del
594 3029 702 3052 vescovo
717 3029 739 3052 dl
755 3029 835 3057 Pavla;
850 3030 879 3052 ed
894 3030 909 3052 il
924 3030 975 3053 loro
993 3031 1073 3058 appel·
1127 3030 1224 3058 candia,
1239 3036 1285 3053 non
1299 3032 1394 3054 estante
1407 3031 1558 3059 l'lnterposto
1571 3032 1675 3060 appello,
1689 3037 1704 3055 a
1718 3033 1870 3060 suggestione
1881 3033 1917 3055 dei
1932 3033 2007 3056 Cano-

190 3070 214 3094 lo
226 3071 252 3094 lu
265 3071 464 3096 tavorevolrnente
477 3074 571 3096 accello
585 3073 615 3096 dn
630 3074 751 3097 Bonilaeio
766 3074 804 3101 lx,
819 3074 834 3096 il
849 3074 918 3102 quale
937 3075 1002 3097 vivae
1020 3075 1085 3098 νοτίς
1125 3074 1169 3097 niel
1183 3080 1258 3097 aveva
1272 3075 1353 3098 subito
1376 3075 1517 3099 comlnciato
1531 3082 1545 3098 ι
1560 3082 1629 3104 porre
1643 3076 1666 3098 in
1681 3077 1820 3099 esecuzione
1843 3077 1866 3099 la
1885 3079 2005 3104 sentenza,

189 3117 287 3140 oraculo
301 3117 376 3140 elesse
391 3117 604 3141 immediatamente
618 3118 633 3140 li
644 3124 722 3141 nuovo
730 3118 822 3146 giudice
832 3119 868 3141 nel
879 3118 1001 3141 cardinale
1011 3119 1077 3142 Vlce-
1129 3119 1153 3142 lu
1168 3119 1301 3142 necessario
1315 3120 1358 3143 che
1373 3120 1388 3142 il
1402 3126 1481 3143 nuovo
1495 3121 1587 3148 giudice
1601 3123 1762 3144 severamente
1772 3121 1795 3144 lo
1805 3122 1930 3149 proibisse,
1940 3123 2005 3144 sotto

188 3159 330 3184 &muliere
344 3161 368 3184 di
382 3161 406 3185 S.
422 3162 515 3186 chiesa.
531 3163 588 3186 Tale
602 3164 697 3191 appello
711 3163 803 3186 doveva
817 3169 887 3186 avere
901 3164 931 3186 da
946 3169 988 3191 per
1002 3170 1028 3187 se
1043 3163 1075 3187 el·
1131 3164 1243 3187 mlnaccla
1258 3164 1280 3187 dl
1296 3170 1365 3192 pena.
