2496 3600
1936 242 2049 273 201¹*

1026 526 1156 567 CXI.

274 633 471 662 Riassunto
497 633 554 662 del
586 644 599 657 «
623 634 731 663 Liber
756 643 991 671 expensarum
1015 650 1028 662 »
1059 644 1122 673 per
1147 635 1168 664 l’
1186 645 1277 665 anno
1303 645 1389 673 1394.

711 757 865 790 1394,
894 763 1100 785 naarzo
1110 770 1128 780 -
1137 765 1358 784 11ovem
1364 760 1482 784 bre.

785 845 854 870 iBibl.
871 845 938 867 Univ.
954 846 976 867 di
993 846 1063 868 Pavia
1078 858 1103 860 —
1119 846 1176 868 Cod.
1193 853 1214 868 n.
1230 847 1278 873 509,
1293 847 1330 873 gia
1348 848 1401 872 131).

250 1038 374 1157 N

432 1056 476 1084 El.
500 1060 614 1084 marzo
638 1052 669 1084 si
684 1051 793 1093 fanno
817 1061 913 1094 spese
932 1062 995 1094 per
1016 1053 1040 1085 il
1061 1056 1208 1086 restauro
1233 1055 1268 1086 di
1290 1063 1357 1086 una
1382 1055 1504 1087 domus
1530 1056 1716 1088 combuste.
1753 1055 1819 1088 Nel
1849 1055 1951 1097 luglio
1976 1057 2007 1088 si

453 1114 564 1156 ripam
589 1114 816 1155 l’infermeria,
841 1123 858 1146 e
881 1115 912 1147 si
934 1116 1057 1156 ricopre
1082 1116 1106 1148 1'l
1129 1117 1312 1149 claustrum
1339 1119 1482 1159 primum
1508 1121 1612 1150 totum
1639 1121 1671 1151 et
1696 1122 1823 1160 partem
1861 1119 2003 1151 ecclesie

454 1187 471 1210 e
495 1178 526 1210 si
548 1178 658 1219 ripam
683 1177 716 1209 Ια
740 1186 822 1209 casa
846 1177 901 1209 dei
923 1179 1056 1211 novizii.
1081 1179 1204 1220 Queste
1228 1181 1431 1220 riparazioni
1453 1182 1651 1213 continuano
1676 1181 1887 1222 nell’agosto.
1924 1182 2006 1214 Nel-

101 1226 129 1242 ⁷
180 1239 340 1273 l'ottobre
363 1241 394 1273 sl
409 1240 519 1282 fanno
544 1239 651 1272 lavori
673 1239 742 1271 alla
766 1248 848 1271 casa
872 1240 927 1272 dei
950 1241 1075 1273 novizii
1090 1250 1107 1273 e
1124 1242 1166 1273 ad
1185 1242 1302 1274 cellam
1322 1242 1505 1274 bachalarii
1520 1243 1561 1275 de
1577 1242 1783 1275 Alexandria
1797 1244 1854 1284 pei
1870 1244 2001 1276 camini.

180 1302 221 1337 Si
241 1303 351 1345 ripam
374 1303 399 1335 il
423 1302 618 1344 campanile,
645 1311 662 1334 e
686 1302 791 1334 anche
816 1301 840 1334 ιἸ
863 1303 994 1335 camino
1012 1303 1100 1335 della
1118 1303 1305 1345 foresteria.
1323 1305 1388 1337 Nel
1403 1305 1576 1337 novembre
1600 1306 1631 1337 si
1646 1305 1756 1346 fanno
1782 1306 1810 1338 le
1831 1308 1925 1347 porte
1942 1316 2004 1347 pro

183 1365 270 1398 cella
293 1365 420 1398 domini
447 1365 598 1408 magistri
623 1365 850 1404 Novitiorum,
875 1364 942 1397 allo
968 1365 1118 1398 studium
1144 1367 1347 1399 novitiorum
1373 1376 1390 1399 e
1414 1367 1482 1399 alla
1507 1367 1611 1399 scalla
1637 1367 1792 1400 ecclesie.
1819 1367 1897 1400 Item
1923 1369 2000 1400 dedi

182 1429 344 1470 magistro
380 1427 556 1463 Reffanino
592 1428 634 1460 de
671 1427 798 1462 Rubeis
835 1437 896 1469 pro
933 1437 999 1460 una
1035 1428 1151 1461 tabula
1187 1429 1298 1471 lignea
1335 1439 1400 1471 que
1433 1430 1534 1462 debet
1558 1430 1696 1471 depingi
1734 1439 1794 1471 pro
1831 1432 2021 1463 conventu,

187 1489 260 1523 libr.
286 1489 308 1530 1,
333 1489 419 1523 sold.
448 1489 515 1522 ΧΠ.

1018 1743 1175 1785 CXII.

273 1842 366 1873 Gian
390 1843 572 1874 Galeazzo
596 1844 774 1879 Visconti,
800 1853 821 1874 a
847 1844 1025 1874 domanda
1058 1844 1152 1881 degli
1185 1844 1394 1880 Eremitani‚
1421 1845 1574 1874 concede
1607 1845 1684 1874 loro
1716 1845 1934 1875 l'esenzione
1959 1845 2005 1874 da

185 1895 311 1926 alcune
334 1900 436 1926 tasse
460 1897 497 1927 di
522 1897 766 1928 successione.
802 1938 805 1941 ,
1501 1905 1502 1908 ’

848 2011 1005 2045 1395,
1025 2019 1247 2045 marzo,
1267 2014 1346 2039 12.

676 2091 745 2117 (Bibl.
762 2092 829 2114 Univ.
845 2091 868 2114 di
886 2091 966 2119 Pavia,
981 2091 1040 2114 Cod.
1056 2098 1078 2114 n.
1093 2092 1134 2114 428
1147 2103 1174 2107 —
1189 2092 1294 2119 Pergam.
1311 2093 1333 2114 di
1349 2092 1371 2114 S.
1388 2092 1520 2120 Agostino).

426 2303 475 2332 OS
498 2298 667 2332 Dominus
692 2298 890 2338 Mediolani,
915 2300 977 2331 etc.
1003 2297 1130 2332 Comes
1155 2298 1332 2338 Virtutum,
1358 2299 1544 2341 Imperialis
1570 2298 1725 2332 Vicarius
1750 2297 1936 2332 Generalis.

539 2361 687 2404 Recepta
704 2361 954 2403 supplicatione
979 2371 1041 2403 pro
1059 2364 1153 2403 parte
1171 2360 1320 2404 Capituli
1338 2364 1369 2394 et
1387 2360 1586 2395 Conventus
1605 2362 1734 2394 ordinis
1759 2362 2003 2394 Heremitarum

451 2424 566 2459 Sancti
591 2424 773 2467 Augustini
798 2425 946 2458 civitatis
971 2426 1084 2458 nostre
1116 2424 1221 2466 Papie
1254 2425 1459 2458 continentie
1484 2425 1639 2466 proxime
1672 2425 1927 2466 subsequentis,
1953 2425 2003 2457 vi-

182 2487 319 2521 delicet:

273 2549 394 2583 lllustri
420 2552 452 2583 et
477 2549 635 2584 Piissime
667 2549 897 2583 Dominationi
922 2549 1040 2583 Vestre
1073 2549 1258 2582 humillime
1283 2558 1321 2582 ac
1346 2550 1468 2582 devote
1500 2549 1713 2591 supplicatur
1737 2558 1798 2591 pro
1823 2551 1917 2591 parte
1943 2558 2002 2582 ve-

183 2613 330 2646 strorum
347 2613 498 2646 fidelium
516 2614 685 2646 oratorum
704 2610 852 2654 Capituli
870 2614 903 2645 et
919 2610 1120 2646 Conventus
1145 2612 1274 2644 ordinis
1300 2612 1541 2644 Heremitarum
1567 2612 1674 2644 sancti
1693 2611 1873 2653 Augustini
1892 2613 2003 2644 vestre

184 2674 333 2708 civitatis
357 2674 474 2717 Papie,
492 2675 584 2716 quod
610 2683 687 2707 cum
704 2674 749 2707 ob
773 2672 900 2707 Christi
924 2674 1074 2707 fidelium
1099 2674 1299 2716 piarumque
1325 2683 1545 2715 personarum
1570 2674 1699 2706 eisdem
1726 2673 2002 2715 supplicantibus

184 2738 217 2770 et
233 2737 322 2770 dicte
338 2737 495 2777 ecclesie,
512 2737 672 2770 mandato
689 2734 911 2770 Celsitudinis
929 2736 1103 2778 prelibate,
1121 2727 1348 2769 visitationem
1362 2736 1565 2778 prohibitam
1579 2738 1611 2768 et
1625 2744 1788 2769 accessus
1801 2735 1844 2768 ad
1859 2735 2002 2768 eandem

183 2799 361 2833 ecclesiam
385 2800 655 2842 denegationem,
673 2799 826 2833 eiusdem
837 2795 984 2832 >ecclesie
1002 2799 1140 2832 devotio
1165 2799 1210 2832 ita
1234 2799 1353 2831 abierit
1377 2799 1409 2831 in
1435 2798 1704 2838 desuetudinem,
1722 2798 1814 2840 quod
1833 2798 1864 2830 in
1883 2806 2005 2831 conse-

183 2862 322 2904 quentia
346 2861 582 2896 deficientibus
607 2861 806 2901 elimosinis,
824 2871 890 2904 que
914 2861 1043 2894 eisdem
1069 2861 1344 2903 supplicantibus
1369 2861 1484 2894 dietim
1509 2861 1746 2903 erogabantur,
1765 2861 1899 2893 deducti
1926 2862 2005 2893 sunt

184 2925 284 2966 quasi
309 2924 352 2958 ad
377 2926 563 2958 extremum
596 2924 806 2966 paupertatis
839 2923 1028 2963 articulum,
1053 2924 1140 2957 adeo
1172 2924 1263 2965 quod
1290 2923 1387 2965 ipsis,
1412 2923 1467 2956 die
1501 2925 1672 2965 noctuque
1704 2923 1945 2956 insudantibus
1972 2923 2003 2955 in

185 2986 322 3027 divinis,
339 2989 372 3021 et
395 2987 439 3021 ad
464 2987 576 3020 minus
600 2987 736 3029 triginta
761 2995 900 3019 numero
924 2986 1163 3026 existentibus,
1188 2985 1289 3018 nichil
1314 2987 1472 3028 erogatur
1496 2986 1717 3028 relictumque
1742 2987 1804 3025 est,
1829 2994 1898 3026 quo
1923 2994 2005 3026 pos-

184 3049 253 3083 sint
277 3058 393 3083 eorum
418 3050 521 3083 vitam
546 3050 681 3092 inopem
707 3051 908 3089 sustentare,
926 3049 1141 3090 habeantque
1159 3048 1224 3080 iarn
1250 3048 1496 3091 quinquaginta
1520 3048 1619 3081 annis
1644 3047 1772 3090 elapsis
1789 3048 1822 3080 in
1839 3048 2004 3080 territorio

185 3110 394 3146 Bononiensi
419 3111 601 3145 nonnullas
625 3112 849 3154 proprietates
866 3113 897 3144 et
915 3111 1015 3151 bona,
1032 3119 1119 3152 quas
1143 3110 1188 3143 ob
1205 3110 1399 3144 distantiam
1425 3110 1574 3144 locorum
1600 3111 1797 3152 itinerisque
1822 3110 2002 3142 discrimen

1973 3178 2000 3199 26
