2496 3600
1962 210 2018 243 121

1035 454 1196 496 LVII.

294 562 490 603 Quietanza
513 562 572 593 dei
595 562 766 593 Canonici
789 563 1001 594 Later-anesi
1023 572 1086 602 per
1110 572 1225 595 annuo
1250 572 1359 594 censo
1383 564 1518 594 dovuto
1542 563 1638 601 dagli
1662 563 1871 593 Eremitani.

838 687 996 720 1366,
1024 686 1282 720 maggio,
1310 687 1390 713 19.

687 775 765 801 (Arch.
781 775 804 798 di
819 775 896 803 Staio,
910 775 1000 798 miano
1015 786 1040 790 ——
1055 775 1161 803 Pergam.
1177 775 1200 797 di
1216 775 1240 798 S.
1256 775 1335 798 pietro
1349 775 1372 797 in
1387 775 1436 798 cie!
1451 763 1535 802 d'oro),

304 958 353 1076 I
445 976 472 1004 N
495 971 643 1005 claustro
660 972 860 1005 Monasterii
886 970 920 1005 S.
945 971 1045 1005 Petri.
1062 972 1099 1004 L’
1107 971 1230 1005 abbate
1253 972 1289 1005 di
1312 971 1346 1006 S.
1363 972 1483 1011 Pietro,
1491 972 1550 1015 fra
1565 971 1736 1011 Giacomo,
1755 973 1808 1006 coi
1816 972 1902 1015 frati
1923 972 2026 1015 Apol-

467 1033 566 1072 lonio,
594 1033 782 1076 GugHelmo
805 1042 823 1067 e
846 1033 1020 1072 Riccardo,
1045 1035 1104 1076 qui
1129 1035 1209 1067 sunt
1244 1034 1322 1076 plus
1357 1043 1460 1076 quarn
1485 1034 1551 1067 due
1576 1036 1689 1076 partes
1714 1034 1853 1067 fratrum
1883 1043 1944 1067 seu
1970 1043 2026 1067 ca-

148 1137 160 1141 m
186 1139 187 1142 Ἰ
467 1097 664 1130 nonicorum
689 1096 731 1129 ad
757 1105 898 1138 presens
923 1097 956 1129 in
980 1097 1072 1129 dicto
1096 1097 1301 1129 monasterio
1325 1096 1561 1136 residendum,
1585 1096 1783 1138 confessano
1808 1105 1928 1129 versus
1946 1096 2027 1129 Fra-

145 1150 283 1198 ''fh-em
300 1159 481 1193 Iohannem
498 1158 540 1192 de
563 1157 768 1192 Salimbenis
785 1155 837 1200 (1)
865 1158 1000 1192 fratrem
1025 1159 1155 1191 ordinis
1187 1159 1326 1192 fratrum
1345 1159 1580 1191 heremitarum
1620 1157 1734 1192 Sancti
1768 1158 1950 1200 Augustini
1983 1159 2025 1191 de

153 1215 187 1260 ,Γ
219 1218 320 1265 apia,
339 1223 551 1264 procuratore
574 1220 630 1254 del
650 1229 712 1254 suo
739 1219 916 1259 Convento,
934 1221 971 1254 di
985 1229 1066 1254 aver
1086 1221 1229 1254 rtcevuto
1242 1221 1287 1254 da
1304 1220 1351 1254 lai
1365 1221 1454 1254 soldi
1472 1221 1514 1254 18
1529 1230 1546 1254 e
1563 1220 1678 1254 denari
1691 1221 1715 1253 4
1725 1222 1853 1263 ρανεεί,
1868 1230 1931 1263 per
1944 1221 2027 1263 l’af-

157 1272 163 1281 ’
252 1292 273 1318 a
296 1283 373 1318 d'un
396 1292 496 1324 anno,
519 1284 665 1326 spirante
688 1282 724 1316 al
740 1284 908 1326 prossimo
932 1282 966 1318 S.
991 1283 1145 1322 Murano,
1171 1283 1214 1316 de
1237 1283 1374 1316 duobus
1399 1283 1624 1316 sediminibus
1649 1284 1771 1325 positis
1788 1285 1820 1316 et
1837 1283 2025 1316 iacentibus

158 1337 296 1384 :sinna
311 1347 434 1380 domos
449 1347 616 1380 dictorum
633 1346 783 1379 fratrum.
799 1346 906 1380 Notat
917 1357 928 1379 :
954 1345 1122 1380 Giovanni
1134 1345 1318 1380 Panizzari
1332 1345 1376 1388 fu
1391 1346 1565 1388 Agostino‚
1584 1355 1602 1378 e
1618 1346 1784 1379 Antom'rzo
1803 1345 2024 1388 Schiaffinati.

147 1642 194 1682 ‚r
1015 1601 1206 1642 LV111.

255 1750 257 1752 q
287 1711 304 1742 1
326 1711 539 1742 Later-anesi
562 1711 680 1741 danne
704 1710 918 1742 investitura
942 1711 979 1741 di
1003 1719 1050 1741 un
1074 1710 1211 1741 sedime
1236 1719 1257 1740 a
1282 1710 1372 1740 frate
1404 1710 1548 1740 Andrea
1573 1710 1619 1740 da
1644 1710 1805 1748 Bologna
1841 1710 1966 1740 Priore
1992 1710 2027 1740 di

193 1763 240 1797 8.
264 1764 454 1817 Agostino.

141 1847 154 1861 ³
833 1861 991 1894 1366,
1020 1860 1279 1894 maga-10,
1309 1860 1389 1886 19.

679 1949 760 1976 (Arch.
776 1949 799 1971 di
813 1948 891 1976 Staio,
906 1949 996 1971 Milano
1010 1960 1036 1964 —
1051 1949 1159 1976 Pergam.
1175 1949 1198 1970 di
1213 1947 1237 1971 S.
1254 1948 1333 1971 pietro
1349 1948 1371 1970 in
1386 1948 1436 1971 Ciei
1451 1948 1540 1975 d'oro).

310 2134 361 2252 I
450 2152 476 2181 N
499 2147 649 2182 claustro
673 2148 874 2181 Monasterii
900 2146 1015 2181 Sancti
1041 2147 1142 2181 Petri.
1178 2148 1324 2181 L'abate
1351 2148 1443 2190 frate
1476 2147 1648 2186 Giacomo,
1675 2148 1728 2180 coi
1751 2147 1904 2180 εαηοηίεἰ
1924 2147 2028 2188 Apol-

471 2210 569 2250 lonio,
597 2209 785 2253 Guglielmo
809 2219 828 2244 e
850 2210 1024 2249 Riccardo,
1050 2211 1108 2253 qui
1133 2213 1212 2244 sunt
1229 2210 1345 2253 plures
1369 2219 1472 2252 quam
1497 2210 1563 2243 due
1587 2212 1702 2252 partes
1721 2210 1859 2243 fratrum
1884 2218 1944 2242 seu
1970 2218 2026 2242 ca-

470 2273 669 2306 nonicorum
704 2273 748 2306 ad
783 2282 927 2316 presens
963 2274 996 2306 in
1033 2274 1124 2306 dicto
1161 2274 1368 2307 monasterio
1403 2273 1664 2312 ressidencium·‚
1701 2273 1947 2306 investiverunt
1983 2273 2025 2305 ad

201 2333 315 2369 fletum
354 2337 387 2370 et
421 2337 556 2369 nomine
591 2336 659 2369 ficti
696 2336 891 2378 religiosum
928 2336 1036 2369 virum
1062 2336 1236 2369 dominum
1261 2336 1396 2369 fratrem
1423 2335 1593 2369 Andream
1627 2336 1669 2368 de
1702 2335 1856 2368 Bononia
1882 2335 2026 2376 priorem

199 2396 340 2432 fratrum
365 2401 398 2432 et
422 2401 613 2432 conventus
636 2398 774 2432 fratrum
800 2399 1036 2432 heremitarum
1062 2397 1177 2432 Sancti
1202 2398 1384 2441 Augustini
1410 2399 1452 2431 de
1479 2398 1585 2440 Papia
1589 2424 1640 2438 .....
1668 2407 1777 2440 usque
1801 2398 1844 2430 ad
1871 2397 2021 2439 quinque

139 2451 174 2498 ἦ·
201 2468 311 2495 annos
333 2461 488 2504 proxime
524 2461 700 2494 venientes
734 2463 896 2494 tantum...
921 2461 964 2494 de
989 2461 1156 2494 sedimine
1192 2470 1260 2494 uno
1277 2461 1390 2503 posito
1415 2461 1448 2494 in
1474 2460 1582 2503 Papia
1607 2461 1639 2493 in
1666 2460 1767 2493 Porta
1792 2460 1966 2493 iaudenssi
1992 2460 2024 2492 in

147 2519 364 2567 parochia
386 2523 532 2557 ecclesie
555 2523 664 2557 sancti
688 2522 754 2556 Viti
779 2523 967 2566 papiensis,
991 2532 1029 2557 se
1053 2523 1154 2556 simul
1178 2525 1312 2557 tenente
1337 2533 1414 2557 curn
1439 2524 1530 2556 dicto
1566 2523 1783 2562 monasterio,
1807 2524 1840 2555 et
1864 2524 1917 2555 est
1941 2518 2027 2555 inter

138 2579 175 2626 “”;”
203 2584 292 2619 duos
314 2586 486 2629 pilastros,
509 2586 602 2629 quod
627 2587 679 2619 est
702 2585 817 2619 tabule
853 2587 1008 2628 quatuor,
1033 2586 1086 2619 cui
1112 2586 1273 2620 coherent
1297 2587 1340 2619 ab
1366 2595 1432 2618 una
1457 2588 1551 2628 parte
1588 2586 1731 2618 heredes
1764 2585 1936 2627 quondam
1963 2585 2025 2617 do-

204 2647 284 2681 mini
308 2647 501 2684 Salimbene
525 2648 568 2682 de
592 2647 704 2691 Systis
727 2647 874 2681 fictualis
898 2648 979 2682 dicti
1005 2649 1210 2688 monasterii,
1235 2649 1279 2681 ab
1305 2657 1371 2681 una
1395 2648 1461 2681 alia
1486 2650 1580 2690 parte
1605 2648 1732 2680 dictum
1769 2647 2022 2686 monasterium,

130 2704 153 2757 ’ᾖ
205 2712 240 2744 et
259 2710 304 2744 ab
326 2711 403 2745 aliis
427 2711 563 2745 duabus
586 2711 741 2753 partibus
765 2710 950 2752 capitulum
975 2712 1008 2744 et
1031 2713 1221 2744 conventus
1246 2711 1412 2744 dictorum
1438 2710 1589 2743 Fratrum
1615 2710 1860 2743 heremitarum.
1889 2709 1948 2743 Cia
1968 2710 2027 2751 pel

138 2759 168 2794 7⁵³
196 2771 276 2815 fluo
298 2773 334 2807 di
355 2773 515 2807 denarios
539 2775 685 2816 quatuor
709 2773 894 2815 papienses
918 2773 1009 2806 omni
1034 2782 1124 2806 anno
1149 2773 1181 2805 in
1206 2773 1294 2806 festo
1319 2773 1428 2806 sancti
1454 2772 1603 2806 Martini.

298 2835 405 2870 Testis
429 2834 671 2879 Synbaidellus
696 2834 892 2875 Curtexius‚
918 2833 1123 2869 Guillelmus
1147 2835 1189 2868 de
1215 2833 1330 2868 Casali
1355 2836 1388 2868 et
1413 2834 1557 2868 Iacobus
1582 2833 1800 2868 Garbelinus.

292 2898 419 2932 Notat:
443 2898 609 2932 lohannes
632 2897 829 2932 Panizarius
853 2898 1026 2940 quondam
1051 2897 1231 2940 Augustini
1257 2899 1289 2930 et
1313 2896 1505 2930 Antoninus
1530 2897 1572 2930 de
1601 2895 1813 2931 Sclafenatis.

51 2936 60 3148 t
136 3041 143 3058 ι’
155 3037 165 3078 «1
262 3054 295 3083 (1)
308 3055 422 3080 ῦὶονιιιιιί
435 3055 568 3084 5ι1111111ε111,
577 3056 778 3084 religiosodanon
785 3055 932 3078 contendent
941 3061 984 3078 con
999 3055 1014 3077 i'
1023 3061 1087 3078 omo·
1140 3055 1203 3077 nimo
1217 3060 1261 3077 suo
1269 3054 1299 3077 da
1307 3054 1414 3082 Lecceto,
1435 3060 1474 3077 era
1482 3055 1542 3078 deun
1552 3055 1630 3078 nobile
1646 3054 1747 3083 iamigiia
1762 3054 1887 3078 Salimbeni
1903 3055 1924 3077 di
1941 3055 2020 3078 Pavia.

1997 3134 2022 3156 16
