2496 3600
1040 498 1257 539 XLVII.

329 610 358 641 n
381 609 506 640 Priore
529 608 620 637 frate
644 607 769 637 Rufino
794 607 840 637 da
864 607 1090 644 Bassignana
1115 607 1239 637 chiede
1264 608 1328 637 che
1353 607 1379 637 il
1404 608 1658 639 subesecutore
1684 611 1883 647 apostolico
1905 612 2064 650 obblighi

159 659 191 692 ἐξ.
215 699 218 701 ,
241 661 488 696 i‘Lateranesi
511 661 584 691 ana
608 660 754 690 vendita
778 660 815 690 di
838 669 908 690 una
933 664 1072 690 casetta
1096 661 1303 690 necessaria
1318 658 1387 702 {per
1404 661 1439 690 la
1464 662 1690 692 eostruzione
1718 663 1811 693 delle
1848 665 1969 695 scuole
2006 666 2063 696 del

134 763 135 766 Ἴ
239 716 422 766 convento
445 712 508 757 (1).

889 836 1047 869 1338,
1078 842 1301 869 marzo,
1330 837 1409 863 19.

719 925 797 951 (Arch.
813 925 836 948 di
851 925 929 953 Stato,
944 925 1034 948 Milano
1048 937 1075 941 —-
1090 925 1196 953 Pergam.
1212 925 1234 947 di
1250 925 1274 948 S.
1291 925 1369 948 Pietro
1384 926 1407 948 in
1423 926 1472 949 Ciel
1487 927 1572 950 d'oro).

168 1117 178 1163 s
302 1110 421 1229 A
479 1129 560 1158 ΝΝΟ
583 1134 604 1158 a
627 1124 802 1158 nativitate
827 1123 964 1157 Domini
990 1123 1171 1173 millesimo
1206 1125 1446 1157 trecentesimo
1483 1126 1769 1168 quinquagesimo
1805 1129 1939 1167 octavo,
1976 1128 2063 1160 indi-

161 1201 164 1208 ·
501 1188 613 1222 ctione
638 1187 829 1227 undecima,
855 1187 910 1220 die
935 1187 1014 1220 lune
1039 1187 1266 1220 decimonono
1291 1187 1420 1220 mensis
1446 1188 1573 1228 marcii,
1599 1188 1682 1221 hora
1707 1191 1814 1221 sexte.
1834 1189 1868 1221 ln
1887 1189 1994 1231 Papia
2012 1191 2062 1222 vi-

161 1290 190 1296 -
500 1250 624 1284 delicet
648 1250 681 1283 in
706 1250 791 1284 atrio
815 1249 962 1283 ecclesie
1001 1248 1117 1283 Sancti
1142 1249 1231 1283 Petri
1257 1250 1290 1282 in
1315 1248 1400 1283 Celo
1436 1259 1540 1283 aureo
1580 1251 1772 1292 papiensis,
1813 1252 1943 1285 scilicet
1968 1253 2062 1285 iuxta

210 1303 213 1307 Α
232 1313 365 1355 portam
389 1313 550 1346 maiorem
575 1313 686 1355 ipsius
710 1312 867 1346 ecclesie.
893 1311 928 1344 ln
953 1312 1132 1354 presencia
1157 1312 1363 1345 venerabilis
1388 1312 1450 1344 viri
1476 1312 1604 1345 domini
1630 1313 1775 1346 Montini
1802 1314 1844 1346 de
1869 1314 2061 1356 Buttigellis

155 1368 193 1384 '
233 1372 472 1410 Archidiaconi
496 1375 674 1416 papiensis
698 1374 962 1408 subexecutoris
986 1375 1087 1416 prout
1111 1374 1252 1407 inferius
1277 1374 1481 1407 continetur:
1508 1374 1702 1417 Religiosus
1727 1376 1778 1407 vir
1802 1376 1903 1408 irater
1920 1376 2061 1410 Rufinus

155 1427 207 1482 qs
233 1435 279 1482 de
300 1435 515 1479 Bassignana
539 1436 654 1470 Frater
677 1439 710 1470 et
734 1436 832 1470 Prior
866 1434 1068 1470 Conventus
1104 1435 1244 1470 Ordinis
1281 1436 1433 1469 Fratrum
1471 1436 1716 1470 Heremitarum
1743 1439 1852 1470 sancti
1877 1438 2058 1480 Augustini

227 1499 417 1541 papiensis,
442 1499 546 1539 dedit,
570 1499 703 1539 obtulit,
727 1499 879 1541 porrexit
903 1500 936 1532 et
961 1499 1170 1540 presentavit
1194 1499 1430 1540 suprascripto
1455 1499 1594 1531 domino
1623 1499 1873 1533 Archidiacono
1898 1502 1930 1533 et
1959 1501 2062 1534 sube—

233 1561 384 1595 xecutori
408 1561 572 1603 deputato
595 1561 640 1595 ad
665 1561 881 1603 infrascripta
905 1570 924 1594 a
949 1561 1138 1594 reverendo
1163 1561 1196 1593 in
1221 1559 1359 1594 Christo
1377 1560 1476 1594 Patre
1495 1563 1527 1594 et
1544 1562 1683 1594 domino
1709 1562 1847 1594 domino
1872 1562 2060 1595 Bertrando

147 1621 195 1670 ..f
233 1620 356 1657 Sancte
380 1632 517 1657 romane
542 1623 707 1664 Ecclesie‚
732 1623 812 1656 olim
837 1624 984 1656 diacono
1009 1621 1194 1663 Cardinali‚
1219 1622 1472 1656 Archidiacono
1497 1622 1692 1666 Sygalonie,
1718 1626 1901 1657 executore
1926 1634 1946 1657 a
1971 1623 2059 1658 Sede

233 1683 432 1728 Apostolica
455 1686 619 1728 deputato
643 1686 818 1719 Fratribus
842 1687 875 1718 et
899 1683 1092 1719 Conventui
1119 1670 1364 1719 Heremitarum
1389 1685 1530 1719 Ordinis
1547 1685 1661 1719 Sancti
1681 1686 1862 1729 Augustini
1881 1687 1923 1719 de
1941 1686 2058 1729 Papia:

233 1745 306 1791 Ego
329 1746 444 1782 Frater
467 1747 610 1783 Rufinus
635 1748 678 1781 de
703 1747 918 1791 Bassignana
943 1748 1036 1790 prior
1059 1748 1189 1781 ordinis
1214 1748 1366 1781 Fratrum
1391 1748 1637 1781 Heremitarum
1664 1747 1778 1782 Sancti
1805 1748 1986 1791 Augustini
2016 1750 2058 1782 de

144 1798 193 1843 ’ἶῖ
214 1803 349 1852 Papia,
373 1810 509 1844 nomine
534 1819 610 1843 meo
634 1812 668 1843 et
692 1810 828 1843 nomine
852 1809 933 1843 dicti
959 1808 1110 1849 Ordinis,
1136 1819 1203 1843 non
1228 1819 1289 1852 per
1314 1810 1451 1843 modum
1477 1810 1592 1850 libelli,
1618 1811 1679 1843 sed
1713 1810 1825 1852 qualis
1854 1811 1965 1852 qualis
2002 1821 2061 1853 pe-

155 1860 191 1914 ’,
230 1871 370 1912 titionis,
394 1874 474 1914 peto
498 1871 728 1906 venerabilem
752 1873 785 1904 et
809 1871 1006 1914 religiosum
1032 1872 1141 1904 virum
1166 1872 1342 1904 dominum
1366 1872 1502 1905 fratrem
1527 1872 1687 1905 Iacobum
1712 1871 1775 1905 Dei
1802 1874 1834 1905 et
1859 1872 2058 1914 Apostolice

232 1931 337 1968 Sedis*
353 1934 461 1977 gratia
484 1934 642 1967 abbatem
667 1934 868 1967 Monasterii
894 1931 1008 1967 Sancti
1034 1933 1123 1967 Petri
1149 1934 1182 1966 in
1207 1932 1292 1967 Celo
1329 1943 1432 1967 aureo
1469 1934 1646 1976 papiensis
1672 1936 1704 1967 et
1728 1934 1848 1967 fratres
1878 1943 1961 1967 suos
1997 1944 2058 1967 seu

167 2006 194 2043 :²
228 1992 424 2033 canonicos
447 1996 558 2039 ipsius
581 1996 788 2035 monasterii,
805 2005 866 2037 per
883 2004 946 2028 vos
971 1996 1146 2028 dominum
1171 1995 1459 2029 Archidiaconum
1484 1997 1770 2029 subexecutorem
1789 2006 1850 2038 per
1866 2006 2054 2030 censuram

142 2046 193 2095 ’Ῐῖ
226 2057 498 2095 ,ecclesiasticam
523 2059 600 2101 cogi
625 2059 658 2091 et
682 2058 842 2100 compelli
867 2058 910 2091 ad
935 2058 1154 2091 vendendum
1179 2060 1211 2092 et
1235 2059 1462 2092 traddendum
1492 2059 1581 2092 iusto
1607 2059 1722 2100 precio
1759 2059 1859 2091 michi
1894 2058 2000 2091 Priori
2027 2062 2058 2092 et

141 2113 185 2155 '2212
230 2120 322 2155 dicto
344 2118 536 2155 Conventui
561 2119 702 2154 Ordinis
727 2121 835 2154 sancti
853 2119 1035 2163 Augustini
1050 2121 1190 2154 brachia
1214 2121 1365 2163 quinque
1391 2130 1434 2154 ex
1461 2121 1516 2154 illa
1542 2121 1644 2154 domo
1669 2130 1730 2154 seu
1756 2121 1899 2161 caxella‚
1925 2122 2000 2154 solo
2025 2124 2057 2154 et

134 2223 150 2226 ,.
228 2180 344 2223 fondo,
367 2191 472 2225 super
494 2192 564 2225 quo
588 2183 680 2216 dicta
704 2183 829 2216 domus
853 2192 915 2216 seu
941 2183 1075 2216 caxella
1098 2183 1239 2216 fondata
1263 2185 1326 2222 est,
1352 2192 1389 2216 se
1414 2184 1571 2216 tenencia
1596 2193 1672 2216 cum
1711 2183 1778 2216 illis
1803 2184 1952 2216 brachiis
1977 2186 2054 2216 octo

138 2227 186 2292 {³3
228 2245 263 2294 et
285 2246 404 2287 quarta
428 2253 495 2278 una
519 2245 669 2278 venditis
693 2254 784 2278 anno
809 2245 965 2286 proxime
990 2245 1161 2286 preterito,
1187 2245 1242 2278 die
1267 2247 1391 2278 octavo
1428 2245 1620 2278 decembris
1657 2254 1718 2287 per
1741 2245 1853 2278 dictos
1878 2245 2052 2278 dominum

146 2339 174 2355 ,ἢ
213 2305 386 2340 'abbatem
409 2308 442 2340 et
465 2307 654 2340 canonicos
678 2307 754 2340 eius
778 2307 859 2340 dicti
886 2307 1087 2340 Monasterii
1113 2305 1229 2340 Sancti
1254 2306 1356 2347 Petri,
1382 2307 1483 2340 michi
1517 2307 1752 2349 suprascripto
1777 2306 1883 2339 Priori
1921 2307 2056 2340 nomine

226 2367 311 2419 v‹tlicti
334 2369 399 2402 mei
423 2367 564 2402 Ordinis
588 2370 621 2402 et
645 2367 846 2403 Conventus
883 2369 1140 2409 Heremstarum,
1165 2378 1226 2411 per
1250 2371 1375 2402 cartam
1401 2369 1480 2402 inde
1506 2369 1634 2402 iussam
1660 2368 1818 2411 Roglerio
1854 2367 2050 2410 Strazapate

141 2430 178 2478 2²}
228 2431 369 2471 notario,
393 2439 460 2473 que
485 2431 624 2464 brachia
648 2431 799 2474 quinque
824 2433 904 2465 sunt
920 2431 1088 2465 deversus
1109 2431 1284 2464 meridiem
1309 2431 1353 2464 ab
1379 2440 1445 2464 una
1470 2433 1564 2473 parte
1590 2433 1622 2464 et
1647 2431 1814 2463 deversus
1839 2431 2053 2472 septemtrio-

228 2500 304 2527 nem
327 2493 372 2527 ab
395 2493 472 2534 alia,
497 2493 695 2535 incipiendo
718 2495 752 2526 et
775 2493 979 2536 accipiendo
1003 2494 1094 2527 dicta
1119 2493 1258 2527 brachia
1282 2493 1434 2535 quinque
1459 2493 1652 2526 immediate
1677 2494 1756 2534 post
1787 2493 1879 2525 dicta
1915 2493 2054 2525 brachia

226 2556 350 2589 octoet
372 2557 526 2598 quartam
550 2564 652 2588 unam
677 2555 815 2589 vendita
840 2557 875 2588 ut
899 2564 1004 2598 supra
1029 2557 1061 2589 et
1085 2556 1199 2589 eundo
1213 2564 1335 2589 versus
1352 2564 1441 2595 sero,
1455 2565 1498 2588 ex
1513 2555 1604 2588 dicta
1617 2555 1720 2587 domo
1741 2563 1802 2587 seu
1828 2554 1960 2588 caxella
1980 2554 2056 2587 solo

228 2617 263 2651 et
283 2615 388 2650 fondo
410 2626 516 2660 super
538 2626 608 2659 quo
631 2617 773 2651 fundata
796 2619 849 2650 est
873 2619 906 2651 et
930 2626 1035 2660 super
1058 2617 1185 2660 quibus
1209 2617 1285 2654 solo
1310 2619 1342 2650 et
1366 2617 1472 2650 fondo
1497 2617 1639 2659 predicti
1677 2616 1810 2649 Fratres
1847 2616 2052 2649 Heremitani

229 2678 408 2713 hedificare
432 2689 472 2713 ac
496 2679 637 2714 dilatare
662 2681 695 2713 et
718 2679 882 2722 ampliare
907 2679 1025 2713 volunt
1060 2681 1093 2713 et
1128 2680 1307 2713 intendunt
1342 2679 1457 2712 scolas
1481 2676 1533 2720 (2)
1558 2679 1709 2721 ipsorum
1735 2678 1887 2711 Fratrum
1913 2680 1945 2711 et
1969 2679 2050 2712 dicti

283 2835 316 2864 (1)
330 2836 366 2860 Un
378 2837 468 2860 calculo
481 2843 528 2860 non
541 2838 620 2860 eutto
634 2837 750 2860 nell'anno
765 2837 906 2864 precedente
928 2836 990 2863 (vedi
1011 2837 1064 2860 doe.
1086 2843 1108 2859 n.
1165 2837 1228 2865 Fusi,
1245 2837 1304 2864 1905,
1320 2842 1374 2864 pag.
1388 2837 1418 2863 7).
1434 2837 1546 2859 Tuttavia
1561 2836 1591 2864 gli
1606 2836 1686 2859 storici
1706 2836 1787 2863 pavesi
1808 2836 1894 2859 antichi
1916 2837 1992 2859 hanno
2014 2842 2052 2859 so-

231 2876 300 2909 XLV)
312 2886 387 2905 amu
399 2881 461 2905 fatto
475 2882 571 2905 credere
583 2881 630 2910 agli
645 2881 791 2910 Agostiniani
813 2882 856 2904 che
870 2882 892 2904 la
914 2881 1010 2904 iniziata
1031 2887 1110 2904 nuova
1163 2883 1260 2904 stenuto
1274 2881 1317 2904 che
1331 2881 1353 2903 la
1368 2881 1501 2904 Universita
1516 2881 1620 2903 risalisse
1634 2886 1648 2903 a
1663 2880 1733 2903 Carlo
1742 2881 1840 2908 Magno,
1850 2881 1892 2903 che
1903 2881 1926 2903 in
1935 2880 1959 2903 S.
1971 2880 2050 2903 Pietro

230 2924 379 2949 munione
390 2926 494 2949 ambbe
507 2927 594 2954 potuto
607 2926 718 2954 complrsi
730 2926 790 2948 suile
801 2927 854 2948 otto
870 2926 962 2948 bruccia
978 2925 1008 2948 ed
1025 2926 1111 2953 quarto
1165 2925 1188 2948 in
1202 2925 1252 2948 Ciel
1266 2925 1334 2947 d'oro
1348 2925 1451 2947 avrebbe
1465 2925 1572 2947 stabilito
1590 2925 1671 2947 scuole
1693 2925 1818 2952 pubbliche
1832 2926 1892 2947 rette
1907 2925 1945 2947 dal
1959 2925 2051 2947 celebre

230 2968 256 2991 dt
267 2969 368 2998 terreno,
382 2970 426 2993 elne
437 2970 511 2993 anon
524 2975 630 2994 avevano
645 2970 763 2993 richiesto.
778 2969 825 2993 Ora
839 2970 948 2993 accortisi
970 2970 1024 2992 dell·
1033 2975 1111 2992 errore
1165 2975 1264 2992 monaco
1278 2969 1384 2992 Alcuino.
1399 2969 1423 2992 Sl
1438 2970 1618 2997 appogglavano
1632 2969 1706 2992 anche
1719 2969 1741 2991 al
1755 2969 1848 2992 tamoso
1871 2969 2006 2996 capitolare
2026 2969 2049 2991 di

231 3013 346 3037 anduno
360 3020 392 3038 un
404 3015 570 3043 supplemento
584 3015 607 3038 ‹ss
621 3020 676 3038 area
690 3015 714 3037 dl
728 3015 787 3038 altre
814 3015 899 3042 cinque
913 3015 1014 3037 bruccia.
1167 3014 1269 3042 imario,
1284 3014 1322 3036 dei
1337 3014 1430 3041 maggio
1443 3014 1484 3037 ⁸23
1497 3013 1611 3040 (Manum.
1629 3014 1707 3037 Germ.
1718 3015 1775 3037 hist.
1787 3014 1882 3042 Legum,
1893 3016 1950 3036 torn.
1962 3015 1979 3042 1,
1990 3015 2051 3036 Han-

283 3058 315 3086 (²)
327 3058 491 3082 L'umvenm
505 3060 528 3082 dl
543 3059 615 3083 Pavia
629 3059 642 3082 ἑ
656 3061 720 3082 stata
729 3059 826 3082 tundata
836 3065 880 3082 con
890 3059 993 3087 diploma
1007 3059 1030 3082 dl
1041 3059 1111 3082 Cano
1165 3064 1274 3086 novel-ae,
1292 3059 1351 3086 1835,
1366 3064 1420 3086 paz.
1435 3059 1493 3086 2⁴8„
1507 3064 1521 3081 e
1534 3059 1580 3081 alia
1594 3058 1685 3082 famosa
1708 3059 1790 3081 scuola
1811 3059 1834 3081 dl
1854 3059 2048 3086 giurisprudenza

163 3112 166 3114 ·
178 3127 179 3130 ,
229 3100 260 3126 Ν
271 3102 310 3127 del
324 3103 350 3127 13
361 3105 446 3132 uzone
462 3103 511 3127 1³61
519 3103 556 3131 (R.
565 3104 703 3132 MAloccl-n,
717 3103 1110 3132 Cod.Dipt.de11·Un1v.dtPavra,
1166 3103 1283 3126 illustrata
1297 3103 1335 3125 dal
1350 3108 1438 3131 pavese
1452 3103 1581 3126 untranco
1595 3103 1752 3126 Arcivestovo
1767 3103 1789 3126 di
1804 3103 1958 3131 cantorbery,
1969 3109 2016 3126 ecc.
2032 3103 2048 3125 11
