2496 3600
1951 258 2011 290 197

198 385 287 419 dicte
312 385 507 418 huiusmodi
531 385 681 418 fidelium
708 386 882 428 suffragiis
907 387 1083 428 presertim
1109 396 1171 428 pro
1196 386 1456 428 conservatione
1481 386 1626 418 ecclesie
1650 387 1728 419 tecti
1755 396 1885 420 necnon
1914 398 2013 421 orna-

112 482 120 492 „
151 459 153 461 ¹
198 449 386 481 mentorum
411 449 443 480 et
467 449 740 489 paramentorum
766 449 973 488 huiusmodi,
999 451 1031 482 et
1055 449 1141 482 alias
1166 449 1216 482 eis
1240 449 1444 490 opportunis
1470 449 1582 481 minus
1607 448 1709 481 solito
1738 457 1938 489 recreentur,
1965 451 2015 491 ip-

199 511 297 553 sique
321 509 418 542 Prior
441 512 474 543 et
498 510 618 543 fratres
644 511 767 543 domus
791 512 943 552 predicte
969 512 1123 544 dubitent
1147 512 1239 553 quod
1266 511 1410 553 primum
1434 511 1536 543 fatale
1562 511 1648 544 infra
1665 511 1757 552 quod
1774 512 2014 553 appellationis

198 582 338 607 causam
364 573 559 605 huiusmodi
585 574 747 614 prosequi
772 574 984 613 tenebantur,
1010 574 1123 606 debita
1149 583 1209 615 per
1233 582 1293 606 eos
1307 574 1437 606 interim
1456 573 1630 615 diligentia
1648 582 1714 605 non
1732 574 1775 606 sit
1792 573 1891 613 facta,
1909 582 2014 615 seque

107 637 143 669 “,
198 637 390 679 propterea,
415 644 547 668 necnon
573 636 673 667 etiam
699 644 760 677 per
783 636 925 668 eandem
950 636 1152 668 sententiam
1178 636 1359 669 enormiter
1383 636 1454 668 fore
1484 636 1593 668 lesos:
1631 634 1696 667 Pro
1733 637 1826 677 parte
1863 636 2013 677 ipsorum

199 698 327 732 Prioris
352 699 384 731 et
407 697 545 730 fratrum
582 698 705 730 domus
730 698 858 739 prefate
883 698 945 730 fuit
970 699 1070 731 nobis
1107 699 1276 731 humiliter
1311 699 1540 740 supplicatum
1566 699 1601 730 ut
1625 698 1819 731 huiusmodi
1845 707 1963 739 penas,
1989 699 2017 730 si

199 770 287 804 quas
312 762 469 802 pretextu
494 760 575 792 dicti
601 769 727 792 census
752 760 934 793 solutionis
959 769 1020 802 per
1043 769 1104 793 eos
1129 770 1148 793 a
1173 761 1291 802 viginti
1317 761 1416 793 annis
1441 761 1596 802 proxime
1629 761 1797 802 preteritis
1832 762 1890 793 aut
1926 761 2014 793 circa

203 833 269 857 non
294 823 392 863 facte,
416 823 599 856 occasione
625 823 886 864 possessionum
911 823 1136 864 predictarum
1162 822 1286 855 Abbati
1312 825 1344 855 et
1369 824 1550 855 conventui
1577 823 1739 864 predictis
1764 825 1796 856 et
1820 823 1920 855 etiarn
1936 832 2018 855 con-

201 887 398 920 ventionum
423 887 456 918 et
480 887 656 927 pactorum
682 885 888 926 prefatorum
913 885 1028 917 forsan
1054 894 1114 926 per
1138 894 1198 918 eos
1225 894 1472 926 usquequaque
1498 895 1563 917 non
1590 886 1847 918 observatorum
1874 894 2017 926 quomo-

201 949 330 982 dolibet
354 949 575 986 incurrerunt,
600 947 774 980 annullare
798 949 831 979 et
855 956 991 980 cassare
1017 956 1146 988 eosque
1173 950 1288 980 contra
1314 947 1414 980 fatale
1448 948 1636 989 predictum
1662 948 1694 979 in
1721 948 1886 990 integrum
1923 948 2018 980 resti—

201 1013 294 1045 tuere
320 1020 359 1044 ac
385 1010 451 1043 alia
475 1011 524 1043 eis
550 1010 582 1042 in
608 1009 786 1051 premissis
811 1011 1003 1051 opportune
1027 1010 1207 1051 providere
1232 1010 1274 1042 de
1300 1010 1506 1052 benignitate
1531 1010 1722 1051 apostolica
1746 1010 1972 1052 dignaremur.

268 1074 340 1107 Nos
366 1073 467 1115 igitur
490 1074 614 1105 statum
640 1074 672 1104 et
696 1074 846 1104 tenorem
872 1072 1039 1104 sententie
1064 1081 1103 1104 ac
1129 1073 1278 1104 omnium
1318 1073 1561 1113 premissorum
1598 1072 1762 1105 habentes
1799 1073 2018 1114 presentibus

202 1146 264 1180 pro
288 1144 455 1178 expresso
480 1137 513 1168 et
537 1134 749 1168 attendentes
773 1134 866 1175 quod
891 1135 919 1166 si
946 1134 988 1166 lis
1013 1134 1207 1166 huiusmodi
1234 1135 1491 1175 protenderetur
1515 1135 1547 1166 in
1566 1134 1713 1176 longum,
1732 1144 1773 1167 ex
1792 1135 1855 1167 hoc
1874 1135 2019 1167 ecclesia

203 1200 279 1241 ipsa
303 1199 430 1231 divinis
455 1198 633 1239 obsequiis
658 1197 853 1229 huiusmodi
879 1196 1071 1229 defraudari
1090 1206 1128 1229 ac
1151 1197 1251 1229 etiam
1277 1197 1343 1229 alia
1368 1197 1455 1229 mala
1480 1198 1576 1238 sequi
1603 1197 1830 1230 verisimiliter
1866 1199 2018 1238 posse-nt,

203 1263 236 1294 et
259 1262 442 1303 propterea
467 1259 662 1292 huiusmodi
688 1259 755 1291 litis
780 1258 954 1291 anfractus
978 1260 1166 1300 amputare,
1192 1260 1227 1291 ut
1251 1259 1421 1298 convenit,
1436 1268 1475 1291 ac
1493 1259 1592 1291 etiam
1611 1260 1758 1300 equitate
1775 1261 1928 1300 pensata,
1947 1259 2018 1292 dic-

202 1325 270 1357 tam
296 1322 507 1361 sententiam,
533 1323 568 1354 ut
592 1322 756 1363 sequitur,
781 1330 824 1353 ex
850 1321 1066 1362 providentia
1084 1320 1282 1362 Apostolica
1300 1321 1490 1353 refformare
1509 1321 1663 1353 volentes
1681 1321 1874 1353 huiusmodi
1894 1320 2020 1353 Prioris

203 1388 236 1419 et
259 1386 397 1419 fratrum
421 1385 545 1418 domus
570 1385 720 1426 predicte
746 1385 779 1416 in
805 1384 868 1416 hac
895 1386 989 1425 parte
1014 1383 1326 1425 supplicationibus
1363 1384 1524 1422 inclinati,
1550 1384 1646 1424 ipsos
1671 1384 1703 1415 in
1730 1384 1895 1426 integrum
1921 1386 1954 1416 et
1978 1384 2019 1416 ad

203 1449 382 1492 pristinum
408 1449 544 1487 statum,
570 1448 602 1479 in
627 1456 697 1488 quo
721 1448 816 1479 erant
840 1440 917 1479 ante
943 1446 1044 1479 fatale
1069 1446 1270 1488 predictum,
1306 1446 1420 1487 quoad
1457 1446 1732 1487 prosequendam
1757 1446 2019 1487 appellationem

202 1511 367 1554 prefatam
393 1511 426 1543 in
450 1511 500 1543 eis
525 1512 557 1543 et
581 1511 670 1542 circa
694 1519 744 1549 ea,
770 1510 802 1541 in
827 1509 954 1550 quibus
979 1509 1055 1550 ipsa
1079 1509 1244 1541 sententia
1270 1508 1409 1541 inferius
1434 1518 1494 1550 per
1511 1517 1573 1540 nos
1588 1518 1654 1540 non
1669 1508 1887 1547 refformatur‚
1902 1510 2017 1540 aucto-

204 1574 299 1607 ritate
323 1573 523 1615 apostolica,
548 1574 663 1605 tenore
688 1572 895 1613 presentium
920 1571 1128 1604 restituimus
1153 1580 1212 1612 per
1237 1573 1423 1612 presentes,
1448 1580 1487 1603 ac
1512 1571 1611 1603 etiam
1626 1580 1669 1603 ex
1694 1572 1783 1603 certa
1808 1571 1949 1603 scientia
1966 1570 2025 1602 de-

203 1636 423 1670 terminamus
447 1644 552 1677 super
576 1635 677 1667 bonis
702 1634 944 1673 immobilibus,
958 1634 1001 1667 de
1015 1634 1141 1676 quibus
1154 1634 1238 1666 inter
1251 1634 1361 1666 dietas
1374 1635 1488 1675 partes
1502 1633 1733 1666 controversia
1746 1632 1817 1671 fuit,
1832 1633 1924 1674 quod
1940 1633 2018 1664 dicti

205 1697 301 1732 Prior
325 1700 356 1731 et
380 1699 570 1731 conventus
594 1698 662 1730 sint
686 1698 718 1730 et
743 1706 820 1729 esse
846 1698 1048 1729 censeantur
1073 1696 1104 1728 in
1130 1705 1171 1728 eo
1196 1696 1266 1728 iure
1292 1697 1323 1728 et
1347 1698 1448 1735 statu,
1473 1696 1505 1727 in
1531 1704 1599 1736 quo
1625 1697 1717 1727 erant
1735 1697 1811 1727 ante
1833 1697 2023 1736 pretensam

206 1760 410 1794 solutionem
435 1760 629 1793 huiusmodi
655 1759 757 1792 annui
782 1767 908 1792 census
933 1767 992 1791 seu
1018 1759 1247 1800 prestationis,
1273 1767 1491 1799 quocumque
1508 1758 1909 1798 nominenuncupentur,
1927 1766 2027 1789 occa—

206 1824 302 1856 sione
328 1823 590 1865 possessionum
615 1822 852 1864 predictarum,
878 1823 910 1854 et
935 1821 1026 1863 quod
1052 1821 1140 1854 dicte
1166 1821 1418 1862 possessiones,
1455 1830 1521 1862 que
1546 1820 1589 1853 ad
1615 1820 1753 1852 eosdem
1791 1819 1956 1852 Abbatem
1994 1822 2026 1852 et

206 1884 402 1928 Capitulum
426 1894 466 1919 ac
490 1885 742 1924 monasterium,
768 1886 803 1917 ut
826 1884 1045 1926 pretenditur,
1071 1884 1222 1916 existunt
1247 1883 1405 1916 devolute
1431 1885 1568 1925 propter
1600 1891 1737 1915 censum
1775 1892 1840 1914 non
1878 1882 2025 1915 solutum

207 1949 402 1982 huiusmodi
426 1957 446 1981 a
472 1948 589 1990 viginti
615 1948 714 1980 annis
739 1949 774 1980 ut
798 1947 963 1988 prefertur
988 1948 1045 1979 aut
1069 1947 1162 1986 citra,
1187 1946 1239 1978 vel
1277 1946 1377 1985 circa,
1403 1946 1436 1978 in
1461 1945 1579 1978 eodem
1616 1947 1705 1978 statu
1742 1946 1909 1984 maneant,
1934 1954 1973 1977 ac
1999 1945 2027 1977 si

206 2011 400 2045 huiusmodi
426 2019 552 2044 census
576 2011 712 2043 debitus
737 2010 896 2043 continue
920 2009 1042 2042 fuisset
1066 2009 1261 2051 persolutus
1279 2008 1403 2041 Abbati
1429 2010 1461 2041 et
1479 2008 1660 2041 conventui
1678 2008 1838 2049 predictis
1856 2016 1916 2049 per
1932 2006 2027 2039 Prio-

207 2083 275 2107 rem
301 2075 333 2107 et
357 2073 477 2106 fratres
501 2073 624 2105 domus
649 2072 812 2112 eiusdem,
838 2072 884 2104 ita
907 2074 1019 2104 tamen
1044 2071 1136 2112 quod
1162 2071 1227 2112 ipsi
1253 2070 1348 2103 Prior
1372 2072 1405 2103 et
1427 2070 1547 2103 fratres
1573 2070 1722 2111 predicte
1751 2069 1884 2108 domus,
1910 2069 2027 2101 huius-

206 2136 296 2168 modi
322 2144 462 2168 censum
487 2135 638 2179 debitum
664 2134 796 2167 solvere
821 2135 997 2166 teneantur
1021 2132 1144 2165 Abbati
1170 2134 1202 2165 et
1227 2133 1408 2165 conventui
1434 2141 1516 2174 sepe
1541 2132 1651 2171 dictis,
1665 2134 1697 2164 et
1710 2140 1827 2164 omnes
1853 2131 2026 2172 predictas

206 2207 325 2240 penas,
349 2206 437 2240 quas
462 2198 527 2240 ipsi
553 2196 649 2230 Prior
673 2199 705 2230 et
728 2197 849 2229 fratres
874 2197 996 2229 domus
1033 2195 1162 2237 prefate
1198 2196 1378 2228 occasione
1404 2195 1667 2227 conventionum
1693 2196 1725 2227 et
1750 2196 1925 2235 pactorum
1951 2202 2026 2235 pre-

205 2261 372 2293 dictorum
398 2269 458 2302 per
481 2269 542 2293 eos
575 2268 823 2301 usquequaque
842 2267 925 2291 .non
962 2258 1220 2291 observatorum
1246 2259 1281 2290 ut
1305 2256 1470 2298 prefertur
1493 2256 1607 2290 forsan
1634 2257 1797 2288 hactenus
1835 2255 2025 2297 quomodo-

207 2322 287 2356 libet
311 2323 519 2362 incurrerint,
543 2322 742 2355 auctoritate
767 2321 896 2363 prefata
922 2321 1057 2362 penitus
1081 2319 1297 2353 annullamus
1321 2321 1354 2352 et
1379 2327 1567 2352 cassamus.

295 2383 465 2424 Quocirca
489 2384 784 2426 circumspectioni
809 2385 865 2416 tue
891 2392 952 2424 per
975 2382 1164 2424 apostolica
1204 2382 1331 2424 scripta
1367 2381 1568 2414 mandamus
1604 2382 1772 2422 quatenus
1808 2389 1868 2422 per
1903 2382 1934 2413 te
1971 2379 2033 2412 vel·

206 2447 308 2481 alium
333 2455 394 2480 seu
419 2447 505 2480 alios
529 2445 804 2485 annullationem,
837 2445 1063 2478 cassationem
1088 2446 1120 2477 et
1145 2444 1316 2477 decretum
1342 2445 1493 2476 nostrum
1530 2443 1691 2485 predicta,
1728 2443 1784 2475 ubi
1821 2443 1853 2475 et
1889 2442 2027 2483 quando

207 2509 369 2551 expedire
394 2509 535 2548 videris,
560 2508 758 2541 auctoritate
784 2509 899 2540 nostra
924 2507 1118 2540 solemniter
1142 2505 1361 2548 publicando,
1393 2505 1500 2538 facias
1525 2514 1564 2538 ea
1588 2505 1725 2537 firmiter
1749 2504 1934 2543 observari,
1960 2513 2027 2536 non

207 2572 404 2614 permittens
428 2573 544 2604 contra
568 2579 608 2603 ea
633 2571 729 2612 ipsos
753 2569 903 2603 Priorem
929 2571 960 2602 et
984 2568 1102 2602 fratres
1127 2569 1250 2601 domus
1290 2568 1418 2610 prefate
1444 2577 1504 2609 per
1528 2568 1666 2600 eosdem
1702 2567 1860 2599 abbatem
1886 2569 1917 2599 et
1942 2575 2024 2599 con-

208 2635 346 2667 ventum
371 2643 432 2667 seu
457 2633 602 2675 quosvis
627 2633 712 2666 alios
737 2632 941 2665 coniunctim
967 2631 1019 2664 vel
1045 2631 1181 2664 divisim
1207 2631 1378 2663 molestari
1403 2629 1660 2672 quomodolibet
1685 2637 1745 2662 seu
1771 2629 1909 2661 vexari:
1947 2637 2027 2661 con-

208 2696 409 2730 tradictores
433 2705 494 2738 per
517 2704 694 2728 censuram
719 2694 985 2728 ecclesiasticam
1013 2693 1240 2736 appellatione
1277 2693 1469 2734 postposita
1505 2691 1767 2734 compescendo.
1804 2689 1915 2733 Super
1950 2691 2026 2724 aliis

209 2767 289 2792 vero
314 2761 350 2791 ut
373 2767 477 2801 supra
502 2759 535 2790 in
560 2759 636 2800 ipsa
660 2757 827 2790 sententia
851 2757 1008 2790 deductis
1033 2765 1092 2798 per
1116 2764 1178 2788 nos
1204 2765 1270 2788 non
1307 2755 1452 2788 cassatis
1489 2757 1521 2787 et
1556 2754 1749 2793 annullatis,
1786 2754 1911 2787 auditis
1949 2754 2027 2786 hinc

208 2821 286 2854 inde
311 2821 508 2863 propositis,
533 2820 626 2862 quod
650 2820 776 2853 iustitie
800 2819 899 2852 fuerit
923 2818 1114 2858 summarie,
1138 2817 1336 2859 simpliciter
1360 2819 1392 2850 et
1416 2817 1458 2849 de
1484 2816 1586 2858 plano
1611 2825 1649 2849 ac
1675 2817 1748 2849 sine
1773 2816 1915 2858 strepitu
1930 2824 1969 2848 ac
1985 2816 2024 2848 fi-

209 2893 292 2927 gura
316 2884 441 2924 iudicii,
466 2884 617 2917 terminis
641 2883 741 2916 etiam
766 2883 799 2915 in
823 2881 949 2914 talibus
974 2881 1148 2915 observari
1173 2880 1345 2913 consuetis
1370 2879 1564 2918 abreviatis‚
1579 2879 1776 2912 auctoritate
1791 2878 1943 2920 predicta
1968 2878 2026 2911 de-

208 2955 338 2986 cernas,
361 2946 491 2980 faciens
515 2945 607 2988 quod
633 2945 825 2978 decreveris
849 2953 909 2986 per
932 2943 1074 2977 eandem
1099 2951 1277 2976 censuram
1302 2942 1439 2974 firmiter
1463 2940 1636 2974 observari
1662 2938 1725 2982 (1).

262 3104 294 3132 (l)
307 3104 427 3128 Bonifatio
441 3105 479 3132 ΙΧ,
493 3110 537 3127 ton
551 3104 573 3126 la
587 3103 724 3126 cassazione
739 3103 762 3125 dl
777 3108 822 3125 una
844 3104 910 3130 parte
929 3101 1088 3129 importantls-
1141 3101 1212 3123 affida
1226 3101 1247 3122 al
1263 3100 1331 3123 Card.
1347 3100 1482 3128 Miglloratl,
1498 3105 1534 3122 ma
1549 3099 1662 3122 dimostra
1676 3099 1749 3122 anche
1764 3097 1852 3126 quanto
1867 3105 1927 3126 poco
1941 3098 2022 3120 fonda-

209 3149 268 3172 timn
277 3149 338 3172 della
351 3150 463 3172 sentenia
477 3154 572 3176 pavese,
587 3154 633 3171 non
647 3148 699 3171 solo
709 3147 837 3175 semplifica
852 3147 867 3169 il
881 3147 993 3173 compito,
1003 3146 1086 3173 ch'egll
1141 3147 1219 3167 mento
1233 3145 1307 3172 legale
1321 3136 1405 3167 avesse
1419 3144 1496 3172 quella
1510 3137 1635 3166 sentenzas
1646 3143 1722 3166 lnfatli
1733 3144 1746 3166 e
1757 3144 1800 3166 ben
1811 3137 1866 3165 vero
1876 3143 1918 3165 che
1927 3144 2019 3170 questa,
