2496 3600
1952 255 2012 288 187

1035 536 1165 577 CIV.

123 686 126 687 γ
148 675 171 692 :M
279 642 308 672 11
333 642 567 672 Procurator-e
592 643 682 672 frate
717 644 860 674 Andrea
892 645 1077 675 Zavattari
1101 646 1219 676 riceve
1256 647 1352 676 dalla
1389 648 1553 677 Badessa
1578 648 1614 677 di
1639 648 1675 677 S.
1702 648 1831 678 Chiara
1856 648 1880 677 il
1905 658 2012 686 paga-

130 695 310 747 lgsmento
334 695 417 725 dell’
433 704 549 726 annuo
573 697 712 727 reddito
737 697 889 728 lasciato
915 699 986 736 agli
1010 699 1236 736 Agostiniani
1261 700 1307 729 da
1333 701 1469 730 Bianca
1494 701 1659 731 Visconti
1683 701 1719 731 di
1745 700 1954 743 Savoia(1).

855 822 1008 855 1393,
1036 825 1257 856 agosto,
1284 824 1338 850 7.

751 910 828 936 (Aren.
845 911 925 933 Notat.
942 911 964 933 di
981 911 1051 933 Pavia
1066 923 1091 926 —
1106 912 1154 934 Atti
1170 912 1192 933 di
1208 911 1321 934 Giovanni
1337 912 1447 937 oleario).

201 1045 207 1123 ¹
260 1093 383 1212 N
434 1112 478 1140 ΕΙ.
503 1110 690 1140 monastero
715 1108 750 1141 di
773 1107 806 1142 S.
835 1107 958 1141 Clu'ara
982 1108 1286 1147 dell'Annunciata‚
1306 1109 1396 1151 frale
1420 1110 1552 1142 Andrea
1577 1110 1751 1142 Zavattari
1773 1111 1950 1143 eremitorio
1975 1111 2010 1144 di

457 1169 490 1204 S.
516 1170 690 1212 Agostirzo,
717 1179 809 1203 come
828 1173 1040 1212 procuratore
1065 1171 1119 1204 del
1141 1180 1202 1204 suo
1228 1174 1395 1209 convento,
1423 1172 1572 1204 dichiara
1597 1172 1632 1204 di
1654 1173 1792 1205 ricevere
1816 1173 1860 1205 da
1885 1172 2007 1206 Gentia

454 1233 496 1266 de
522 1231 730 1266 Colderariis
765 1233 956 1266 abbadessa
981 1233 1016 1266 di
1050 1233 1084 1267 S.
1112 1233 1244 1272 Chiam,
1275 1234 1391 1275 fiorini
1412 1235 1459 1267 50
1481 1234 1513 1266 d’
1526 1243 1582 1267 oro
1608 1243 1669 1275 pro
1695 1235 1794 1276 plena
1831 1235 2008 1268 solucione

185 1295 288 1338 paghi
313 1295 530 1328 calendarum
557 1296 671 1328 marcii
697 1296 851 1337 proxime
877 1297 1025 1338 preteriti
1043 1298 1076 1328 et
1093 1305 1155 1338 pro
1172 1298 1266 1338 parte
1292 1296 1478 1329 solucionis
1497 1296 1627 1329 illorum
1645 1297 1846 1330 florenorum
1873 1300 2005 1331 centum

107 1382 130 1398 -.
183 1357 257 1390 auri
282 1358 347 1390 sibi
372 1358 462 1390 omni
487 1367 577 1390 anno
603 1357 789 1402 legatorum
814 1367 874 1399 per
898 1358 1070 1400 quondam
1097 1358 1274 1391 recolende
1300 1359 1458 1391 memorie
1485 1359 1696 1400 magnificam
1712 1362 1744 1391 et
1758 1359 1920 1392 illustrem
1946 1361 2007 1392 do—

185 1420 309 1453 minam
334 1420 505 1453 dominam
530 1419 716 1453 Blancham
741 1420 784 1453 de
810 1419 984 1453 Sabaudia
1008 1421 1158 1453 relictam
1177 1421 1350 1462 quondam
1369 1421 1456 1453 bone
1472 1421 1631 1453 memorie
1646 1422 1814 1463 magnifici
1829 1425 1861 1454 et
1875 1422 2002 1455 excelsi

182 1482 310 1516 domini
335 1483 463 1515 domini
489 1481 615 1516 Galeaz
640 1482 869 1522 Vicecomitis,
906 1485 967 1515 etc.
1005 1483 1084 1515 olim
1110 1484 1220 1524 ipsius
1246 1484 1439 1516 monasterii
1465 1484 1674 1523 dotatricem,
1693 1493 1734 1516 ex
1761 1485 1949 1517 redditibus
1974 1487 2006 1517 et

185 1545 303 1588 prodis
339 1545 553 1578 denariorum
592 1545 809 1578 existentium
835 1546 868 1578 in
893 1546 1043 1587 prestitis
1068 1544 1233 1579 Comunis
1271 1545 1494 1579 Veneciarum
1532 1547 1764 1588 suprascripto
1801 1548 2005 1579 monasterio

102 1623 105 1631 ι
126 1619 127 1622 ’
182 1606 306 1650 legatis
329 1617 392 1649 pro
415 1607 494 1640 dote
519 1608 639 1649 ipsius.

1042 1863 1146 1905 CV.

269 1971 362 2002 Gian
387 1971 568 2002 Galeazzo
593 1971 759 2002 Viseonti
783 1981 804 2001 a
829 1972 1007 2002 domanda
1043 1972 1137 2009 degli
1173 1972 1370 2002 Eremitani
1395 1972 1548 2002 concede
1574 1972 1651 2002 lero
1676 1973 1711 2002 di
1735 1977 1935 2010 permutare
1953 1973 2004 2002 al·-

97 2023 99 2027 ’
134 2058 146 2063 ,
167 2025 261 2063 euni
287 2025 369 2056 beni
393 2025 516 2055 stabili
541 2025 587 2055 da
611 2025 686 2055 essi
711 2025 888 2055 ereditati.

828 2131 986 2164 1393,
1013 2132 1253 2164 ottobre,
1279 2131 1356 2157 1¹7.

743 2219 820 2245 (Arch.
836 2219 917 2242 Notat.
933 2220 955 2241 di
971 2219 1042 2242 Pavia
1057 2231 1083 2235 -
1097 2220 1146 2242 Atti
1162 2220 1184 2241 di
1213 2219 1326 2242 Giovanni
1341 2219 1452 2246 oleario).

244 2403 368 2522 N
429 2422 477 2451 os
500 2417 669 2451 Dominus
693 2417 892 2457 Mediolani,
917 2419 978 2450 etc.
1004 2416 1131 2451 Comes
1155 2417 1334 2457 Virtutum,
1361 2417 1548 2459 lmperialis
1573 2417 1728 2451 Vicarius
1753 2416 1941 2451 Generalis.

540 2479 688 2521 Recepta
724 2479 974 2521 supplicatione
1010 2478 1147 2520 Primis,
1184 2480 1347 2518 Fratrum,
1384 2478 1532 2521 Capituli
1570 2481 1602 2512 et
1626 2478 1826 2513 Conventus
1862 2478 2001 2512 Ordinis

450 2543 559 2576 sancti
584 2542 765 2585 Augustini
791 2542 892 2575 huius
916 2542 1063 2575 civitatis
1089 2541 1206 2584 Papie,
1231 2543 1437 2576 continentie
1462 2542 1550 2582 talis,
1576 2542 1756 2575 videlieet:

267 2605 389 2638 Illustri
414 2607 447 2638 et
471 2604 609 2638 excelse
633 2603 863 2637 Dominationi
900 2606 1012 2637 vestre
1050 2604 1218 2637 humiliter
1241 2613 1280 2637 ac
1305 2606 1498 2637 reverenter
1533 2605 1715 2646 exponitur
1739 2613 1800 2645 pro
1824 2605 1919 2646 parte
1944 2613 2002 2636 ve-

178 2669 324 2701 strorum
347 2667 510 2701 tidellium
535 2669 705 2700 oratorum
742 2665 879 2706 Primis,
916 2666 1078 2707 Fratrum,
1111 2665 1260 2708 Capituli
1285 2668 1317 2699 et
1341 2665 1542 2700 Conventus
1577 2665 1718 2699 Ordinis
1755 2666 1999 2699 Heremitarum

178 2731 286 2764 sancti
311 2729 493 2772 Augustini
518 2731 631 2763 vestre
655 2729 803 2762 civitatis
827 2728 944 2771 Papie,
969 2729 1062 2770 quod
1087 2729 1259 2771 quondam
1285 2728 1431 2762 Pedrina
1455 2729 1497 2761 de
1522 2727 1670 2762 Corbeta
1695 2728 1809 2761 relicta
1826 2729 1998 2770 quondam

178 2792 360 2826 Thomaxii
385 2793 427 2826 de
451 2791 636 2835 Sempiono
672 2792 871 2825 habitatrice
907 2792 1054 2824 civitatis
1091 2791 1207 2833 Papie,
1233 2792 1266 2824 in
1291 2792 1448 2824 humanis
1484 2793 1616 2833 agente,
1642 2791 1717 2833 ipsa
1741 2791 1783 2824 ad
1809 2791 1999 2824 testamenti

110 2883 125 2897 s,
179 2855 426 2889 confectionem
450 2855 598 2894 devenit,
623 2855 655 2887 in
681 2863 749 2896 quo
774 2855 806 2886 in
833 2854 1065 2887 remissionem
1101 2862 1240 2887 suorum
1265 2855 1297 2886 et
1321 2862 1558 2895 precessorum
1594 2862 1734 2886 suorum
1771 2854 1911 2893 reatum,
1937 2862 1997 2895 per

180 2917 349 2959 quosdam
373 2919 604 2960 exequutores
639 2925 722 2950 suos
758 2916 1030 2949 testamentarios
1066 2916 1239 2949 institutos
1275 2916 1382 2949 voluit
1407 2917 1439 2948 et
1463 2915 1602 2949 alienari
1629 2915 1802 2948 mandavit
1827 2915 1998 2957 quandam

179 2979 329 3020 domum,
355 2981 387 3013 in
413 2989 482 3022 qua
506 2981 587 3013 tunc
612 2979 776 3021 temporis
813 2979 998 3018 habitabat,
1034 2978 1132 3011 sitam
1158 2979 1191 3011 in
1216 2980 1329 3011 vestra
1353 2978 1488 3011 civitate
1513 2977 1619 3020 Papie
1643 2978 1676 3010 in
1701 2978 1864 3020 parochia
1889 2978 1997 3011 sancti

233 3137 266 3166 (1)
279 3137 338 3161 Veni
352 3138 368 3160 ll
382 3138 434 3161 doe.
449 3143 472 3160 ιι.
493 3137 600 3161 LXXXV.
