2496 3600
1957 282 2018 314 149

1298 340 2038 355 Ἃ

165 390 179 403 ⁴
199 388 367 433 gerebant
389 391 422 422 et
444 392 694 432 presentialiter
728 395 916 436 prelibatus
951 397 1110 433 dominus
1135 400 1278 435 lacobus
1302 404 1388 444 gerit
1411 413 1490 447 erga
1515 404 1677 439 Ordinem
1703 409 1929 449 predictorum
1955 412 2021 445 tra-

205 454 302 499 tmm,
326 453 418 495 quod
443 453 518 495 ipsa
542 453 718 489 funerallia
743 459 776 490 et
799 459 967 502 obsequia
1002 462 1045 494 ad
1081 453 1206 496 dictam
1243 465 1422 499 ecclesiam
1448 468 1584 501 minime
1608 470 1678 502 fieri
1703 470 1852 512 fecisset,
1878 474 2020 516 ipsaque

134 514 319 567 {somnia
353 524 420 548 non
454 515 534 549 fecit
569 527 630 551 nec
654 519 724 552 fieri
760 521 839 555 fecit
873 525 1163 566 contemplacione
1198 525 1343 560 Abbatis
1379 538 1440 561 nec
1464 527 1715 564 Canonicorum
1741 534 1849 567 sancti
1875 534 1962 568 Petri
1988 537 2020 568 in

166 587 167 590 ¹
206 577 291 613 cello
323 586 438 618 aure0,
473 580 535 612 sed
570 581 787 616 solummodo
822 586 1114 628 contemplacione
1149 587 1288 623 Ordinis
1313 591 1485 631 antedicti,
1509 593 1628 626 dicens
1652 596 1685 627 et
1709 597 1903 636 protestans
1928 599 2019 639 quod

203 640 371 683 quidquid
406 642 594 683 prelibatus
630 645 788 679 dominus
814 646 957 681 lacobus
981 650 1132 691 tempore
1167 651 1380 685 funerallium
1417 654 1646 695 predictorum
1671 665 1731 690 seu
1757 658 1914 700 obsequii
1941 660 2020 693 dicti

203 703 348 736 condam
371 703 498 737 domini
523 706 597 738 eius
622 708 784 749 genitoris
809 709 1021 752 impendidit,
1046 720 1106 745 seu
1132 713 1215 753 dari,
1241 715 1390 756 impendi
1416 718 1448 749 et
1473 718 1597 758 portari
1625 718 1713 759 fecit,
1738 721 1805 753 tarn
1831 721 1863 753 in
1889 731 1965 754 cera
1991 724 2022 755 et

205 765 338 808 pannis,
362 775 464 808 quarn
489 769 636 802 nummis
660 771 693 802 et
716 770 792 804 aliis
817 772 931 813 rebus,
957 773 1038 806 illud
1064 774 1135 807 dari
1161 777 1193 808 et
1218 777 1367 818 impendi
1393 780 1424 811 et
1448 780 1574 820 portari
1610 780 1688 814 fecit
1723 783 1836 815 animo
1861 785 1892 816 et
1917 784 2023 817 inten-

203 827 301 862 cione
325 830 360 862 ut
384 829 417 862 id
442 838 541 863 omne
566 835 818 866 converteretur
841 837 873 868 et
897 836 1126 870 reddundaret
1149 838 1193 871 ad
1219 839 1394 873 utilitatem
1420 843 1452 874 et
1476 843 1657 875 comodum
1675 843 1802 878 Prioris
1820 847 1852 878 et
1870 845 2019 879 Fratrum

142 895 175 937 j]
190 889 284 924 'dicti
309 889 448 926 Ordinis
473 893 505 925 in
530 895 636 927 totum
654 892 716 936 (1).
742 895 783 929 Et
807 897 885 931 inde
921 898 1108 940 prelibatus
1143 901 1302 935 dominus
1340 902 1482 937 lacobus
1506 904 1549 937 de
1573 905 1734 946 predictis
1771 907 1857 940 hanc
1893 910 2018 942 cartam

135 950 174 991 ‘2
201 953 273 987 fieri
298 953 398 988 iussit
421 956 454 988 et
477 957 620 998 rogavit,
645 959 863 999 presentibus
888 960 1046 994 Musseto
1070 962 1113 995 de
1138 961 1296 1006 Georgiis
1320 965 1389 997 filio
1414 967 1559 999 condam
1595 967 1788 1010 Augustini,
1813 969 1953 1013 Zanyno
1977 971 2019 1004 de

202 1014 376 1060 Mangano
399 1017 470 1052 filio
494 1019 822 1079 condamwSymonis
847 1025 880 1056 et
904 1022 1003 1057 Petro
1027 1025 1070 1058 de
1094 1024 1228 1068 Angera
1252 1027 1322 1060 tilio
1346 1029 1490 1061 condam
1516 1029 1739 1074 BertoIamey,
1773 1033 1850 1066 inde
1875 1034 2019 1067 testibus

199 1079 292 1113 ⁴notis
316 1081 350 1113 et
373 1081 505 1115 vocatis
529 1076 775 1133 adq-pfflnissa.

289 1141 362 1185 Ego
387 1142 577 1177 lacominus
601 1145 644 1178 de
669 1145 872 1188 Imperatore
896 1149 1057 1190 publicus
1071 1151 1248 1192 papiensis
1266 1154 1417 1187 notarius
1435 1155 1521 1187 hanc
1539 1157 1665 1188 cartam
1683 1157 1783 1189 michi
1802 1158 1871 1190 fieri
1890 1158 2018 1192 iussam

195 1205 233 1239 et
256 1206 407 1247 rogatam
431 1207 578 1240 traddidi
604 1209 636 1240 et
660 1208 862 1251 subscripsi.

141 1315 171 1323 „
288 1266 360 1310 Ego
395 1267 608 1311 Augustinus
644 1271 687 1303 de
722 1270 901 1314 Butigellis
937 1274 1096 1315 publicus
1133 1276 1309 1317 papiensis
1335 1277 1499 1319 imperiali
1524 1280 1722 1313 auctoritate
1755 1282 1905 1315 notarius
1931 1283 2017 1316 hanc

122 1334 170 1395 ,ξ’-
193 1333 322 1365 cartam
347 1332 444 1365 iussu
469 1334 693 1376 suprascripti
719 1334 877 1368 lacomini
902 1337 945 1369 de
971 1336 1173 1379 Imperatore
1198 1340 1318 1372 notarii
1345 1341 1478 1382 scripsi.

143 1610 165 1635 ψ
190 1565 194 1568 ’
1015 1592 1201 1635 xcm.

126 1685 158 1741 ’ζ
287 1697 316 1727 11
340 1698 510 1728 cardinal
534 1699 706 1730 Cosmato
731 1700 940 1738 Migliorati,
966 1701 1085 1740 legato
1109 1705 1302 1741 pontificio,
1330 1706 1486 1736 concede
1511 1707 1721 1744 indulgenze
1739 1717 1759 1737 a
1777 1709 1899 1739 favore
1925 1710 2020 1739 della

196 1749 330 1781 chiesa
354 1751 391 1781 di
415 1752 452 1782 S.
478 1752 655 1790 Agostino
672 1749 734 1795 (2).

862 1861 1019 1895 1390,
1047 1863 1249 1895 aprile.
1270 1864 1361 1891 28.

686 1949 756 1975 (Bibl.
771 1949 838 1972 univ.
854 1949 877 1972 di
893 1949 972 1978 Pavla,
988 1950 1046 1973 Cod.
1062 1957 1084 1973 n.
1099 1952 1140 1974 ⁴28
1155 1962 1179 1967 -—
1195 1952 1300 1979 Pergam.
1316 1953 1338 1974 di
1354 1952 1378 1975 S.
1393 1953 1525 1980 Agostino).

209 2082 231 2187 l⁴
271 2130 381 2250 C
439 2151 622 2181 OSMATUS
645 2149 860 2182 miseratione
886 2150 1003 2183 divina
1038 2150 1123 2183 tituli
1157 2154 1273 2184 sancte
1299 2150 1419 2186 Crucis
1445 2153 1477 2184 in
1503 2152 1683 2186 Ierusalem
1722 2156 1939 2187 sacrosancte
1965 2164 2018 2187 ro-

208 2191 214 2308 Ι
462 2219 559 2243 mane
596 2210 748 2245 Ecclesie
785 2213 953 2254 presbiter
987 2214 1180 2254 cardinalis,
1212 2215 1401 2256 apostolice
1427 2214 1528 2248 Sedis
1554 2215 1686 2258 legatus
1703 2213 1765 2256 (3),
1792 2217 1961 2250 universis
1986 2219 2018 2249 et

329 2307 429 2311 *-
463 2274 607 2316 singulis
632 2273 920 2309 christifidelibus
945 2279 1122 2318 presentes
1148 2278 1275 2311 litteras
1300 2279 1506 2320 inspecturis
1532 2278 1675 2311 salutem
1702 2279 1734 2311 in
1760 2277 1916 2311 Domino.

122 2370 150 2378 ..
281 2333 373 2368 Licet
397 2336 504 2375 is,'de
529 2338 627 2371 cuius
652 2347 790 2372 munere
815 2340 907 2372 venit
932 2341 967 2372 ut
992 2340 1057 2373 sibi
1083 2350 1102 2373 a
1127 2341 1199 2374 suis
1224 2341 1384 2374 fidelibus
1409 2341 1511 2383 digne
1537 2343 1569 2374 et
1595 2342 1809 2374 laudabiliter
1833 2342 2008 2381 serviatur,

123 2384 137 2404 ”
191 2395 235 2430 de
257 2397 467 2437 abundantia
502 2408 564 2433 sue
583 2405 585 2407 ’
600 2401 747 2442 pietatis,
784 2411 850 2444 que
886 2403 1003 2436 merita
1028 2404 1221 2446 supplicum
1247 2405 1383 2437 excedit
1406 2407 1439 2437 et
1464 2407 1553 2445 vota,
1580 2405 1664 2437 bene
1689 2405 1918 2437 servientibus
1943 2405 2008 2437 sibi

191 2459 295 2493 multo
319 2461 446 2494 maiora
482 2463 644 2496 retribuat
679 2473 782 2506 quam
819 2465 955 2499 valeant
986 2467 1179 2508 promereri,
1205 2467 1425 2500 nihilominus
1450 2469 1560 2500 tamen
1597 2467 1831 2500 desiderantes
1866 2466 2014 2499 Domino

192 2522 331 2556 reddere
366 2525 530 2566 populum
566 2527 810 2568 acceptabilem
835 2530 868 2561 et
893 2529 1058 2562 bonorum
1095 2539 1235 2571 operum
1273 2531 1483 2569 sectatorem,
1519 2530 1638 2562 fideles
1668 2530 1763 2571 ipsos
1787 2529 1828 2561 ad
1856 2529 2007 2570 compla-

245 2682 278 2709 (l)
291 2683 400 2707 Notlamo
414 2685 456 2707 che
471 2686 561 2707 mentre
575 2686 639 2707 tutto
653 2685 668 2707 il
683 2685 824 2709 documento
846 2688 913 2709 torna
927 2692 942 2709 a
956 2687 1073 2714 singulare

193 2732 265 2751 onore
279 2728 339 2756 degli
354 2729 508 2758 Agostiniani,
527 2730 577 2752 cosi
598 2731 724 2754 altamente
745 2731 834 2754 suman
849 2731 878 2753 da
893 2737 939 2754 una
953 2731 1013 2754 delle
1034 2732 1074 2759 plu

193 2773 316 2800 cospiscue
331 2779 343 2796 e
358 2775 448 2801 potenti
462 2774 572 2803 ratumne,
587 2775 610 2798 in
625 2777 711 2803 questo
726 2777 800 2803 punto
814 2776 927 2798 dimostra
938 2776 959 2798 ln
970 2777 1074 2803 rigon-osa

191 2817 301 2844 zluatlzla
315 2824 328 2841 e
341 2820 487 2842 correttezza
502 2819 539 2842 del
554 2820 604 2842 loro
619 2820 746 2847 procedere
761 2820 797 2842 nel
812 2821 911 2843 ritenere
925 2821 962 2843 clo
976 2822 1018 2843 che
1035 2827 1074 2843 era

190 2863 256 2886 tuto
269 2864 326 2887 dato
339 2865 534 2888 esclnstvamente
549 2871 591 2893 per
604 2866 664 2888 loro.

243 2909 276 2934 (2)
290 2909 368 2932 L'atto
381 2910 401 2932 cl
416 2910 429 2932 e
443 2912 584 2933 conservato
598 2911 658 2933 nella
672 2911 832 2938 trascrlzlone,
847 2911 905 2933 lana
920 2911 956 2933 nel
974 2911 1025 2933 1670
1034 2911 1072 2933 dal

193 2953 218 2976 Ρ.
231 2955 317 2983 νΙςίΙΙο
330 2955 424 2983 nutant,
438 2961 480 2983 per
493 2961 573 2979 essere
587 2956 697 2979 mandata
711 2956 734 2979 al
750 2956 844 2979 Torelli.

244 2998 275 3024 (3)
289 3000 306 3023 ΙΙ
320 3001 383 3023 eard.
405 3001 527 3030 cosmato,
541 3008 556 3024 o
575 3002 679 3029 Coalmo,
694 3001 732 3024 de'
753 3001 889 3029 Miglloratl,
910 3002 966 3023 nato
987 3006 1000 3023 a
1021 3000 1072 3023 Sul-

192 3051 260 3069 mona
274 3046 311 3070 nel
327 3047 386 3074 1336,
400 3047 424 3069 lu
438 3048 538 3070 assunto
552 3047 574 3069 nl
588 3046 733 3069 cardinalatu
747 3046 784 3068 nel
806 3046 865 3073 1389,
887 3046 950 3073 dopo
965 3045 987 3067 dl
1002 3050 1072 3067 avere

191 3091 404 3115 nucea-ivamente
417 3093 501 3115 tenuio
514 3092 545 3119 gu
560 3091 623 3114 uinci
644 3091 667 3113 di
688 3091 824 3114 cancelllere
837 3095 851 3113 a
866 3090 956 3118 Capua,
978 3089 1000 3111 dl
1022 3088 1072 3111 udi-

191 3130 243 3159 tor'e
256 3136 279 3159 dl
294 3135 354 3160 Rom
366 3137 390 3159 ln
404 3136 486 3164 Roma,
501 3136 523 3159 di
537 3137 660 3159 collettore
674 3135 734 3158 delle
749 3135 838 3158 rendlte
852 3134 1026 3157 ecclesiastlche
1046 3133 1069 3155 ln

189 3179 324 3209 inmitem
337 3187 351 3204 e
365 3180 388 3203 dl
401 3181 553 3204 arclvencovo
566 3186 580 3204 ι
595 3180 712 3204 Ravenna.
726 3180 854 3203 Carissimo
868 3185 882 3202 a
897 3178 1017 3202 Bonitaclo
1031 3178 1069 3205 lx,

1127 2688 1169 2709 che
1183 2688 1203 2709 sl
1218 2688 1282 2709 valse
1297 2687 1356 2709 della
1372 2692 1415 2709 sua
1429 2687 1516 2714 grande
1531 2687 1617 2713 perlzia
1633 2686 1691 2708 nelle
1706 2685 1856 2707 dlilclllsslme
1866 2685 2011 2707 circostanze

1129 2732 1151 2754 in
1166 2732 1202 2754 cui
1218 2732 1336 2754 trovavasl
1351 2732 1372 2753 la
1388 2731 1472 2753 chiesa
1487 2737 1528 2758 per
1543 2731 1565 2752 lo
1580 2731 1665 2752 scisma
1680 2731 1721 2752 che
1735 2730 1757 2752 la
1772 2730 1887 2756 lacerava,
1902 2729 1921 2751 si
1932 2729 2011 2756 acqui-

1130 2777 1168 2798 sto
1183 2777 1230 2798 tale
1244 2776 1346 2798 autorlta
1361 2782 1374 2798 e
1389 2776 1542 2798 venerazione
1563 2776 1604 2797 che
1625 2775 1670 2797 alla
1693 2776 1767 2796 morte
1790 2774 1811 2796 di
1835 2774 1962 2800 Bonitaclo,
1985 2773 2007 2795 iu

1129 2821 1167 2843 dal
1182 2820 1298 2843 Conclave
1312 2820 1385 2842 eletto
1395 2826 1408 2841 a
1419 2819 1561 2846 succedergli
1577 2819 1613 2841 nel
1626 2820 1649 2841 17
1659 2819 1753 2841 ottobre
1765 2819 1822 2840 140⁴.
1835 2819 1850 2840 ll
1862 2824 1939 2840 nuovo
1951 2817 2009 2840 Pon-

1126 2865 1195 2888 telice
1209 2871 1308 2887 assunse
1323 2865 1338 2886 il
1353 2870 1421 2886 nome
1436 2864 1458 2886 di
1474 2864 1603 2886 lnnocenzo
1618 2863 1665 2890 Vll,
1681 2869 1693 2885 e
1708 2863 1744 2885 nel
1760 2864 1829 2885 breve
1842 2868 1888 2884 suo
1905 2867 2008 2890 governo

1126 2908 1193 2934 (mori
1208 2909 1244 2931 nel
1259 2909 1272 2931 6
1286 2909 1412 2931 novembre
1435 2908 1507 2935 1⁴06),
1529 2908 1588 2930 oltre
1609 2907 1630 2929 la
1652 2907 1763 2934 saplenza
1783 2906 1954 2928 addimostrata
1971 2906 2007 2928 nel

1125 2953 1216 2975 salvare
1230 2953 1252 2975 la
1266 2954 1334 2975 santa
1349 2952 1409 2975 Sede
1423 2953 1485 2974 dalla
1499 2953 1567 2974 trista
1582 2952 1677 2979 politica
1691 2951 1714 2973 di
1731 2951 1838 2973 ladislao
1852 2950 1875 2972 di
1895 2951 1977 2977 Napoli
1994 2956 2006 2972 e

1125 2999 1186 3020 dalle
1201 3003 1267 3020 mene
1281 2998 1418 3020 dell'astuto
1427 2997 1540 3024 antipapa
1551 2996 1680 3019 Benedetto
1691 2996 1748 3023 xul,
1760 2995 1883 3022 dimostrb,
1894 2995 1952 3017 colle
1963 3001 2005 3017 sue

1126 3042 1279 3070 disposizioni
1294 3042 1370 3069 peria
1394 3041 1527 3073 Universlta
1541 3041 1564 3063 dt
1579 3040 1660 3068 Roma,
1681 3046 1747 3063 come
1767 3040 1790 3062 al
1812 3039 1911 3067 Papam,
1932 3040 2004 3061 anche

1125 3087 1161 3109 nei
1175 3087 1248 3114 tempi
1263 3087 1302 3114 plu
1316 3087 1417 3113 avversi,
1432 3087 1509 3109 stesse
1523 3091 1537 3108 a
1547 3091 1618 3108 cuore
1632 3086 1654 3108 lu
1668 3086 1759 3108 coitura
1773 3085 1909 3108 scientifica.
1920 3084 1966 3106 Cir.
1979 3085 2004 3107 l..

1125 3131 1234 3158 PASTOR,
1249 3131 1331 3154 srorta
1345 3131 1385 3153 dei
1399 3130 1466 3158 Papi,
1482 3132 1527 3153 etc.
1542 3130 1639 3158 Tremo,
1662 3129 1814 3157 Artigianelli,
1838 3129 1895 3155 1890,
1918 3129 1963 3150 vol.
1987 3129 2002 3154 1,

1123 3182 1178 3204 pag.
1195 3175 1240 3199 128.
