2496 3600
484 390 630 423 maxime
655 390 734 432 quia
753 390 785 423 in
803 390 997 424 huiusmodi
1015 390 1164 423 novitate
1182 389 1325 423 evidens
1342 389 1470 423 utilitas
1486 397 1553 422 non
1570 390 1722 431 apparet.
1747 387 1871 423 Datum
1885 387 2024 433 Papiae,
2040 380 2306 434 mcccxxvu,
2330 407 2331 410 =
2364 364 2394 414 fl}

485 452 667 486 indictione
693 452 733 493 X,
757 452 812 486 die
841 452 880 486 13
904 452 1031 495 aprilis.

1333 706 1440 748 XII
1444 736 1452 747 .

575 818 672 855 Papa
697 816 873 847 Giovanni
898 816 995 846 XXII
1018 815 1136 846 sci-ive
1161 816 1195 846 ai
1219 816 1430 846 Later-anesi
1454 816 1491 846 di
1515 816 1552 847 S.
1579 816 1700 847 Pietro
1716 816 1752 846 in
1768 816 1868 847 Cielo
1892 816 1927 847 d·
1938 816 2024 853 Oro,
2048 817 2178 855 perche
2201 816 2308 848 <lieno
2369 788 2390 815 δ’

484 871 668 909 ospitalita
694 870 764 908 agli
789 869 986 900 Eremitani
1011 869 1090 900 sino
1114 878 1135 900 a
1159 870 1224 900 che
1248 869 1364 908 questi
1389 869 1540 900 abbiano
1563 869 1729 900 edificate
1752 869 1778 900 i1
1800 870 1944 909 proprio
1968 870 2151 901 convento
2174 867 2237 912 (1).

1153 994 1310 1027 132⁷,
1328 993 1530 1027 αρνιμ),
1549 993 1642 1020 20.

979 1082 1048 1108 (Bibl.
1063 1082 1132 1105 Unlv.
1147 1082 1170 1104 di
1186 1081 1266 1109 Pavla,
1281 1081 1340 1104 cod.
1355 1087 1378 1104 n.
1393 1082 1434 1104 ⁴28
1446 1093 1474 1097 —
1488 1081 1594 1109 Pergam.
1610 1081 1633 1104 dl
1647 1081 1672 1104 S.
1687 1081 1819 1110 Agottino).

586 1267 633 1383 I
724 1257 908 1346 ΞΟΗΑΝΝΕΒ
932 1279 1127 1322 Episcopus
1159 1288 1281 1313 servus
1317 1288 1493 1313 servorum
1518 1278 1582 1313 Dei
1607 1279 1741 1314 dilectis
1773 1279 1852 1314 filiis
1887 1278 2012 1314 Abbati
2048 1282 2082 1314 et
2116 1278 2310 1316 Conventui
2365 1265 2402 1305 ⁷⁵²

503 1375 505 1408 ἢ
725 1350 727 1380 l
754 1343 948 1376 monasterii
973 1341 1087 1376 Sancti
1103 1341 1192 1375 Petri
1207 1343 1239 1375 in
1254 1342 1328 1376 celo
1341 1351 1445 1376 aureo
1458 1343 1645 1385 papiensis,
1663 1341 1803 1376 Ordinis
1817 1341 1931 1377 Sancti
1946 1342 2138 1386 Augustini,
2163 1343 2309 1379 salutem

486 1469 604 1501 causis
618 1477 657 1501 ac
671 1469 770 1501 etiam
786 1477 847 1510 pro
861 1468 967 1500 divini
982 1467 1094 1501 cultus
1107 1470 1300 1510 augmento,
1314 1468 1356 1501 de
1370 1467 1521 1501 Fratrum
1535 1469 1726 1500 nostrorum
1739 1467 1895 1507 consilio,
1908 1468 2106 1501 auctoritate
2123 1467 2316 1510 apostolica

485 1531 650 1563 duximus
679 1530 895 1563 statuendum
910 1539 948 1563 ac
963 1530 1062 1563 etiam
1077 1530 1313 1570 ordinandum,
1327 1530 1419 1572 quod
1434 1529 1547 1563 dilecti
1560 1529 1619 1563 filii
1634 1529 1767 1563 Fratres
1780 1528 1920 1563 Ordinis
1937 1529 2182 1564 Heremitarum
2198 1528 2315 1564 Sancti

503 1419 505 1442 ι
725 1398 727 1420 ³
754 1408 786 1439 et
803 1406 1026 1447 apostolicam
1060 1406 1342 1438 benedictionem.
1357 1404 1492 1438 Pridem
1517 1406 1618 1438 certis
1646 1405 1713 1447 piis
1741 1407 1774 1438 et
1802 1405 2061 1438 rationabilibus
2084 1404 2312 1440 suadentibus

489 1592 681 1635 Augustini,
707 1593 749 1625 ad
776 1593 887 1625 minus
913 1601 1022 1634 usque
1047 1593 1090 1625 ad
1116 1594 1243 1625 certum
1268 1601 1444 1625 numerum
1468 1594 1547 1625 tunc
1573 1601 1787 1634 expressum,
1813 1592 1908 1626 iuxta
1923 1592 2104 1626 ecclesiam
2117 1592 2314 1630 monasterii

489 1656 604 1694 vestri,
629 1656 774 1688 mediate
800 1655 852 1688 vel
879 1655 1081 1694 immediate,
1107 1656 1206 1696 prout
1230 1655 1408 1688 commode
1432 1655 1503 1688 fieri
1528 1640 1661 1696 poterit,
1678 1654 1826 1687 debeant
1842 1654 1978 1688 insimul
1995 1655 2170 1697 perpetuis
2192 1654 2318 1690 futuris

487 1718 700 1759 temporibus
725 1718 887 1757 habitare,
913 1717 1014 1750 vobis
1039 1717 1258 1750 nihilominus
1283 1717 1546 1757 remanentibus,
1571 1719 1671 1759 prout
1695 1726 1785 1750 nunc
1821 1717 1916 1757 estis,
1940 1717 1973 1750 in
1998 1718 2205 1751 monasterio
2238 1725 2318 1760 pre-

490 1780 604 1813 libato.
631 1778 681 1812 De
707 1780 947 1813 constitutione
973 1789 1054 1812 vero
1072 1780 1291 1812 habitationis
1308 1780 1460 1821 ipsorum
1477 1779 1639 1819 Fratrum,
1657 1780 1690 1812 et
1706 1779 1851 1821 qualiter
1866 1788 1886 1812 a
1903 1780 2027 1813 vestris
2048 1774 2319 1815 habitationibus
2334 1802 2338 1807 ·

487 1852 567 1875 esse
593 1843 716 1875 debeat
740 1844 908 1884 separata,
934 1851 996 1875 nec
1021 1851 1088 1875 non
1113 1842 1213 1875 etiam
1239 1842 1383 1884 qualiter
1407 1842 1586 1875 vobiscum
1611 1841 1759 1875 debeant
1782 1842 1909 1875 divinis
1925 1841 2048 1876 officiis
2072 1842 2248 1883 interesse,
2274 1850 2318 1877 ac

487 1906 532 1938 de
558 1905 845 1938 celebrationibus
870 1907 902 1937 et
926 1905 1158 1938 oblationibus
1183 1905 1380 1944 Missarum,
1405 1904 1447 1937 de
1472 1904 1764 1946 predicationibus
1787 1906 1821 1937 et
1845 1904 2144 1954 processionibus,
2161 1912 2320 1948 ⁸campa-

490 1977 607 2000 narum
633 1967 885 2009 pulsationibus
910 1967 952 2000 ad
978 1967 1091 2000 officia
1115 1967 1246 2007 eadem,
1270 1967 1313 2000 de
1338 1967 1523 2009 sepulturis
1547 1969 1580 2000 et
1604 1966 1747 2000 decimis
1782 1967 2065 2009 parochianorum
2099 1967 2317 2010 antiquorum

491 2030 644 2063 eiusdem
670 2030 826 2069 ecclesie,
852 2030 909 2071 qui
935 2030 1143 2071 sepelientur
1166 2030 1258 2071 apud
1284 2029 1524 2062 monasterium
1561 2029 1779 2069 antedictum,
1804 2029 1846 2062 de
1870 2028 2091 2069 funeralibus,
2127 2029 2248 2072 legatis
2281 2029 2318 2062 et

488 2092 722 2125 oblationibus
747 2093 954 2132 eorumdem,
980 2093 1170 2134 ceterisque
1195 2092 1427 2125 oblationibus
1450 2091 1612 2132 fidelium,
1638 2101 1700 2125 nec
1725 2101 1792 2125 non
1817 2093 1860 2126 de
1885 2091 2057 2125 nonnullis
2073 2091 2150 2125 aliis
2165 2090 2318 2127 articulis
2372 2080 2403 2133 μ’

495 2156 662 2197 premissa
687 2155 973 2197 contingentibus,
998 2155 1040 2187 de
1066 2154 1216 2187 Fratrum
1242 2156 1431 2187 nostrorum
1457 2154 1684 2196 predictorum
1702 2154 1847 2188 consilio
1875 2154 1994 2188 eadem
2022 2154 2232 2194 auctoritate,
2254 2153 2321 2187 du·

494 2218 607 2250 ximus
632 2217 821 2255 salubriter,
847 2217 1090 2249 rationabiliter
1113 2218 1146 2249 et
1170 2217 1294 2249 utiliter
1318 2217 1570 2258 disponendum
1584 2227 1592 2256 ;
1617 2217 1718 2250 vobis
1743 2218 1776 2250 et
1800 2217 2062 2250 successoribus
2086 2216 2220 2257 vestris,
2244 2224 2320 2251 om*-
2350 2240 2353 2241 ν

490 2280 594 2312 nibus
619 2281 650 2312 et
675 2279 819 2321 singulis
845 2279 1043 2321 privilegiis,
1069 2279 1298 2321 indulgentiis,
1317 2279 1540 2318 libertatibus,
1557 2279 1710 2319 decimis,
1728 2279 1944 2321 prioratibus,
1962 2279 2133 2319 membris,
2150 2278 2320 2319 ecclesiis,

493 2342 645 2384 capellis,
663 2342 793 2380 castris,
820 2341 920 2380 villis,
946 2342 1239 2383 possessionibus,
1271 2341 1416 2383 aliisque
1442 2341 1542 2374 bonis
1578 2341 1762 2375 mobilibus
1786 2343 1819 2375 et
1843 2341 2084 2382 immobilibus,
2120 2341 2252 2375 iuribus
2285 2341 2321 2374 et

491 2404 783 2437 iurisdictionibus
820 2403 1054 2445 spiritualibus
1079 2405 1111 2436 et
1135 2403 1381 2445 temporalibus
1418 2404 1541 2436 vestris
1566 2405 1598 2436 et
1622 2404 1703 2437 dicti
1728 2403 1933 2444 monasterii,
1958 2405 2058 2446 prout
2081 2403 2124 2437 ad
2149 2411 2213 2437 vos
2240 2398 2323 2446 spe-

494 2468 594 2506 etant,
620 2466 720 2498 vobis
738 2466 771 2498 in
789 2467 989 2507 perpetuum
1015 2466 1208 2505 reservatis,
1233 2468 1333 2507 prout
1350 2466 1382 2498 in
1401 2466 1526 2499 nostris
1550 2465 1668 2499 litteris
1686 2466 1764 2499 inde
1788 2465 1953 2499 confectis
1969 2465 2322 2508 pleniuscontinetur.

583 2529 674 2561 Licet
710 2530 821 2561 autem
859 2530 981 2561 cuncta
1006 2528 1141 2569 pietatis
1166 2530 1198 2560 et
1223 2529 1396 2561 charitatis
1421 2537 1524 2570 opera
1560 2528 1729 2561 meritoria
1753 2530 1786 2561 et
1809 2527 1983 2562 salutifera
2017 2528 2165 2560 existere
2199 2526 2323 2570 digno-
2367 2516 2410 2578 7⁵33

494 2593 642 2630 scantur,
667 2591 723 2623 illa
747 2593 858 2623 tamen
883 2592 983 2632 prout
1007 2591 1171 2632 supponit
1194 2591 1319 2623 devota
1343 2591 1527 2624 credulitas
1551 2590 1712 2633 precipue
1748 2592 1827 2624 sunt
1850 2590 1883 2623 in
1908 2590 2018 2623 oculis
2053 2589 2176 2623 Divine
2211 2588 2323 2624 Maie-

495 2653 592 2685 statis
617 2655 768 2694 accepta,
794 2661 860 2694 que
885 2652 974 2685 circa
999 2652 1091 2685 viros
1116 2661 1211 2685 sacre
1237 2652 1390 2694 religioni
1415 2652 1561 2692 deditos,
1586 2661 1625 2685 ac
1650 2651 1728 2686 illos
1751 2652 1927 2694 presertim
1952 2652 2009 2694 qui
2027 2650 2208 2684 mundanis
2223 2648 2324 2684 abdi·
2375 2638 2408 2658 ²³

495 2716 580 2748 catis
605 2715 784 2755 illecebris,
810 2716 842 2748 in
867 2715 1058 2748 abiectione
1083 2715 1271 2748 voluntarie
1297 2715 1507 2757 paupertatis
1532 2724 1609 2748 sese
1634 2713 1760 2748 Christi
1777 2715 1939 2757 pauperis
1956 2714 2134 2756 obsequiis
2154 2715 2321 2756 perpetuo

495 2778 705 2817 dedicarunt,
730 2778 858 2819 quique
883 2787 945 2819 per
968 2778 1166 2810 exercitium
1192 2777 1347 2810 lectionis
1372 2786 1468 2810 sacre
1493 2778 1628 2820 pagine,
1645 2777 1724 2810 fidei
1742 2777 1866 2810 lumine
1892 2777 2057 2816 illustrati,
2082 2777 2263 2819 proficiunt
2283 2775 2321 2810 in

496 2839 642 2872 ecclesia
666 2839 740 2879 Dei,
765 2842 797 2873 et
822 2840 1065 2882 predicationis
1089 2840 1195 2873 verbo
1219 2840 1343 2882 pariter
1360 2842 1392 2873 et
1416 2840 1575 2882 exemplo
1599 2840 1667 2882 piis
1691 2840 1871 2873 affectibus
1906 2839 2087 2872 liberaliter
2110 2840 2322 2873 exercentur.

553 2996 584 3023 (1)
599 2997 676 3019 L'atto
699 3003 744 3019 non
759 2997 772 3019 e
786 2997 808 3019 in
830 3003 978 3025 pergamena,
998 3003 1035 3020 ma
1056 2998 1078 3019 in
1099 2998 1251 3020 trascrizione
1269 2998 1306 3020 del
1323 2997 1381 3024 Πω,
1437 3003 1468 3019 un
1482 3003 1560 3020 nuovo
1574 2999 1712 3024 argomento
1726 2997 1786 3020 della
1800 2997 1878 3020 fuldu
1901 2997 1962 3020 della
1981 2998 2038 3019 nota
2061 2996 2179 3020 monica
2198 2996 2321 3024 Anuqnio-
2375 3016 2388 3029 Ι,
2403 2986 2406 2988 ’

500 3040 559 3063 tacta
574 3041 603 3063 da
619 3047 648 3063 un
664 3041 780 3068 Religioso
795 3047 836 3068 per
850 3047 929 3064 essere
939 3043 1067 3064 trasmessa
1076 3043 1098 3064 al
1109 3043 1202 3065 Torelli.
1223 3042 1272 3070 Egli
1287 3042 1300 3064 e
1314 3044 1379 3064 certo
1433 3043 1503 3069 sima,
1519 3042 1603 3069 perche
1617 3042 1762 3064 inutilmente
1776 3042 1792 3064 ll
1807 3041 1871 3069 Papa
1885 3041 2058 3064 ricluederebbe
2071 3042 2093 3064 ιΙ
2109 3041 2242 3064 lateranni
2256 3040 2320 3068 ⁰⁸9}-
2343 3068 2346 3070 ,
2369 3052 2373 3053 ⁷
2386 3038 2426 3070 -ξ-

501 3085 516 3106 il
532 3085 556 3107 Ρ.
573 3086 655 3112 Vigilio
665 3085 747 3109 Ruttini
756 3086 785 3108 da
794 3086 889 3113 Trento,
898 3086 920 3108 di
929 3086 1027 3108 cuivedi
1042 3086 1150 3110 TORELu
1162 3087 1208 3109 vol.
1220 3087 1257 3115 lv,
1268 3093 1322 3115 pag.
1332 3087 1379 3110 799.
1435 3086 1502 3109 talita
1516 3092 1558 3113 per
1572 3087 1602 3113 gli
1618 3086 1751 3113 Eremitani,
1765 3091 1792 3108 se
1807 3086 1885 3114 questi
1898 3091 2010 3109 aveosero
2025 3085 2048 3108 dl
2062 3085 2100 3114 gin
2113 3086 2187 3108 avuto
2201 3090 2256 3108 case
2268 3083 2318 3108 ns.

500 3123 519 3151 E
534 3130 668 3156 pubblicata
683 3130 745 3152 dallo
759 3132 837 3152 stesso
852 3131 937 3153 Torelli
951 3131 998 3153 vol.
1013 3131 1041 3158 V,
1057 3136 1110 3159 pag.
1124 3131 1172 3154 429.
1188 3131 1277 3158 Questa
1292 3132 1354 3154 bolla
1368 3131 1381 3154 ὲ
1435 3131 1522 3154 Ptetro.
