2496 3600
499 215 562 248 144

582 351 649 385 Nel
669 351 773 395 luglio
797 353 852 387 die
875 355 995 395 quarta
1019 353 1097 387 dedi
1123 355 1155 386 in
1174 354 1334 387 carnibus
1358 356 1391 387 et
1414 355 1570 397 piscibus
1582 364 1645 398 pro
1657 346 1803 399 quatuo}
1825 358 1950 392 diebus
1966 367 2029 402 pro
2041 359 2228 396 Michelino
2244 363 2278 405 pi

494 414 568 454 tori,
593 414 680 448 sold.
706 414 757 448 xl.
783 415 860 448 Item
886 415 964 449 dedi
989 415 1044 448 die
1068 414 1109 448 XI
1135 418 1235 458 prout
1247 425 1351 458 supra
1365 425 1427 458 pro
1440 417 1592 459 predicto
1617 419 1780 462 magistro
1793 428 1855 462 pro
1866 421 1976 456 tribus
1989 421 2123 463 diebus,
2135 423 2222 457 sold.
2236 423 2290 459 VII

493 475 532 510 Si
554 485 750 519 comperano
773 478 798 511 5
819 478 958 520 moggIa
981 478 1018 511 di
1039 477 1169 511 calcina
1188 486 1251 520 per
1271 478 1305 511 Ia
1328 479 1489 513 sacrestia
1512 488 1530 513 e
1554 479 1708 522 legname
1732 490 1794 524 pro
1817 491 1921 525 opere
1948 484 2112 518 sacristie.

581 539 801 581 Nell'agosto
826 541 856 573 si
873 548 969 582 paga
993 540 1017 573 il
1042 540 1119 573 vitto
1143 540 1179 573 di
1199 540 1247 574 20
1276 541 1431 582 giomate
1454 550 1477 574 α
1499 544 1643 576 maestro
1678 542 1857 578 Michelt’no
1880 553 1899 578 e
1922 546 1959 579 αἱ
1970 546 2019 580 22
2040 546 2118 580 dedi
2151 549 2315 591 magistro

492 601 678 635 Michelino
703 611 764 643 pro
789 603 883 644 parte
907 602 1095 635 solucionis
1119 610 1182 635 sue
1205 601 1277 635 flor.
1303 601 1367 640 XII,
1395 603 1548 637 valentes
1573 604 1647 638 libr.
1661 604 1835 646 XXXVIII,
1852 606 1939 640 sold.
1957 606 2008 640 VI.
2028 608 2104 642 Item
2121 610 2241 643 eadem
2257 610 2314 645 die

491 664 569 698 dedi
594 665 703 698 eidem
730 665 892 707 magistro
916 673 978 706 pro
1002 664 1185 704 coloribus,
1209 665 1282 697 flor.
1308 665 1340 705 ΙΙ,
1365 665 1518 700 valentes
1543 667 1616 700 libr.
1642 666 1694 707 VI,
1718 667 1806 701 sold.
1832 667 1907 702 Vlll.
1933 670 2011 704 Item
2035 670 2114 704 dedi
2127 671 2183 706 die
2195 670 2312 707 XXVII

491 727 523 760 in
549 736 611 760 sex
637 727 760 759 modiis
784 726 912 759 calcine
937 735 998 768 pro
1023 726 1229 760 coloribus...
1255 726 1330 760 libr.
1355 727 1401 768 III,
1425 727 1512 762 sold.
1538 728 1646 763 XVIII.
1684 729 1762 763 Item
1797 731 1916 765 eadem
1948 732 2004 766 die
2027 732 2107 767 dedi
2131 734 2164 767 in
2189 734 2315 769 sabulo

490 799 551 831 pro
576 798 678 831 opere
703 790 909 831 picturarum
934 788 1098 822 factarum
1123 789 1156 822 in
1181 789 1336 823 secundo
1360 789 1509 824 claustro
1534 791 1607 824 libr.
1633 791 1653 825 I.
2358 789 2372 792 ”

577 851 643 884 Nel
664 860 753 884 mese
777 851 813 884 di
833 851 1006 884 settembre
1030 852 1061 884 si
1078 860 1218 894 pagano
1242 851 1273 885 Ie
1295 860 1392 894 spese
1415 852 1452 886 di
1475 854 1554 887 vitto
1571 855 1632 896 pei
1648 855 1765 897 pitton‘
1781 864 1846 898 per
1865 858 1948 890 tulto
1971 857 1998 890 il
2017 865 2116 892 mese.

576 914 802 947 Nell'ottobre
825 915 856 947 si
873 922 969 956 paga
993 914 1018 947 il
1041 915 1120 947 vitto
1139 923 1203 956 per
1224 916 1306 948 tutto
1330 915 1355 948 il
1377 924 1467 950 mese
1490 925 1552 958 pro
1577 918 1750 960 magistris
1774 919 1990 961 picturarum.

575 977 641 1009 Nel
663 977 836 1010 novembre
861 976 941 1010 oltre
965 976 995 1010 le
1018 985 1114 1019 spese
1138 977 1174 1010 di
1197 978 1276 1011 virto
1301 979 1332 1011 si
1353 978 1423 1012 ha:
1448 978 1525 1012 Item
1550 979 1670 1013 eadem
1695 980 1750 1014 die
1773 978 1898 1024 (XXV)
1922 982 2000 1016 dedi
2025 982 2215 1018 Michelino
2238 984 2313 1027 pic·-

486 1040 559 1078 tori,
585 1048 646 1081 pro
671 1038 920 1081 complemento
956 1039 1144 1072 solucionis
1167 1048 1241 1079 sue,
1265 1040 1337 1080 flor.
1362 1039 1448 1074 XIX.
1474 1041 1552 1075 Item
1578 1043 1696 1076 eadem
1721 1043 1777 1076 die
1811 1044 1891 1077 dedi
1916 1045 2079 1087 magistro
2102 1044 2311 1081 Ambrosim

486 1103 604 1143 pictori
630 1111 692 1143 pro
717 1102 883 1135 laborerio
907 1101 996 1135 facto
1022 1103 1054 1134 in
1079 1102 1232 1136 secundo
1268 1102 1417 1136 claustro
1442 1104 1475 1136 in
1500 1103 1629 1138 iactura
1653 1105 1803 1148 hystorie
1827 1106 1936 1140 sancti
1961 1106 2143 1150 Augustini
2159 1105 2223 1150 (1),
2246 1114 2312 1152 pro

485 1165 710 1207 quadraginta
734 1166 766 1197 et
791 1174 859 1197 uno
883 1165 949 1204 die,
975 1164 1089 1197 dando
1114 1174 1176 1206 pro
1201 1165 1255 1198 die
1281 1165 1368 1198 sold.
1393 1165 1477 1205 XVI,
1502 1175 1635 1200 summa
1659 1169 1712 1201 est
1736 1167 1809 1201 libr.
1835 1167 1976 1210 XXXIII,
2001 1169 2088 1203 sold.
2114 1169 2198 1204 XVI.
2228 1169 2309 1206 Item

484 1227 561 1260 dedi
588 1237 650 1269 pro
675 1227 847 1260 coloribus
871 1228 952 1260 dicti
978 1228 1092 1270 operis
1118 1227 1191 1260 libr.
1218 1227 1306 1268 VIIII,
1331 1228 1420 1262 sold.
1445 1227 1510 1262 XII.
1536 1229 1614 1262 Item
1639 1230 1758 1263 eadem
1782 1231 1838 1264 die
1862 1231 1941 1265 dedi
1967 1241 2029 1274 pro
2046 1232 2132 1266 calla
2147 1234 2294 1276 quatuor

481 1291 590 1323 decim
626 1291 842 1330 florenorum,
867 1299 956 1332 quos
992 1291 1069 1323 dedi
1094 1290 1186 1323 fratri
1212 1290 1394 1333 Augustini
1420 1291 1519 1334 layco
1543 1301 1605 1334 pro
1629 1301 1732 1335 opere
1756 1294 1975 1336 picturarum,
1999 1294 2087 1328 sold.
2113 1294 2202 1329 Vim.
2226 1295 2307 1331 Item

481 1354 600 1387 eadem
636 1354 691 1386 die
717 1354 795 1387 dedi
822 1355 853 1386 in
877 1355 1026 1396 quatuor
1062 1353 1158 1387 libris
1183 1353 1414 1387 candellarum
1451 1354 1494 1388 de
1530 1363 1625 1397 sepo,
1650 1364 1713 1398 pro
1737 1356 1938 1398 pictoribus,
1964 1357 2038 1391 libr.
2063 1357 2083 1398 I,
2116 1357 2204 1392 sold.
2229 1356 2309 1392 vni.

482 1418 560 1450 Item
585 1418 703 1450 eadem
729 1417 783 1450 die
809 1417 887 1450 dedi
914 1417 946 1449 in
972 1418 1049 1449 ovis
1074 1425 1136 1458 pro
1161 1416 1345 1456 coloribus,
1371 1417 1458 1450 sold.
1485 1417 1530 1451 III.

1243 1583 1541 1626 LXXXIX.

567 1685 815 1723 Disposizioni
840 1685 876 1714 di
902 1685 994 1715 Gian
1019 1685 1200 1715 Galeazzo
1225 1685 1392 1715 Visconti
1415 1694 1478 1724 per
1502 1686 1526 1715 1·
1542 1686 1668 1716 offerta
1693 1670 1811 1717 annua
1834 1696 1854 1717 a
1880 1687 1916 1718 S.
1942 1687 2120 1726 Agostino
2135 1685 2200 1731 (2).

1061 1781 1216 1814 1388,
1243 1782 1585 1816 aettembre9
1613 1784 1705 1809 24.

979 1861 1074 1887 (Museo
1091 1862 1172 1885 Civico
1187 1862 1210 1884 di
1225 1862 1304 1885 Storia
1319 1863 1405 1890 patria,
1421 1862 1493 1886 Pavia
1507 1875 1534 1879 -
1548 1863 1618 1886 Arch.
1634 1869 1708 1891 paceo
1721 1864 1779 1890 ΜΒ).

746 2047 906 2088 putantes
931 2046 963 2077 in
989 2045 1054 2078 hoc
1078 2045 1262 2087 negotium,
1299 2046 1366 2077 tam
1403 2043 1570 2079 Comunis
1595 2048 1709 2079 nostre
1745 2047 1893 2080 civitatis
1917 2045 2024 2089 Papie
2048 2055 2151 2090 quam
2173 2045 2303 2082 fabrice

487 1922 492 2147 Ι
548 1971 658 2089 D
725 1987 871 2016 OMINUS
907 1982 1094 2015 Mediolani
1131 1983 1193 2015 etc.
1230 1980 1355 2015 Comes
1392 1981 1570 2023 Virtutum,
1607 1983 1792 2025 imperialis
1828 1985 1979 2018 vicarius
2002 1984 2183 2028 generalis.
2206 1983 2305 2019 Alias

498 2150 564 2154 ψ
744 2110 889 2142 ecclesie
914 2110 1051 2142 maioris
1087 2109 1186 2142 istius
1212 2110 1326 2142 nostre
1343 2109 1490 2141 civitatis
1518 2106 1580 2150 (3),
1607 2109 1731 2142 utiliter
1754 2111 1836 2152 geri,
1861 2111 2107 2151 concessimus,
2132 2111 2227 2144 iuxta
2251 2118 2306 2144 re-

476 2281 515 2308 piu
538 2280 586 2301 alta
610 2278 757 2304 importanza
780 2279 822 2300 per
835 2273 858 2294 la
872 2272 946 2293 storia
969 2270 1075 2292 artistica
1090 2269 1112 2291 di
1128 2269 1207 2291 Pavia.
1223 2268 1356 2290 Contraria-

476 2326 553 2348 mente
568 2324 590 2345 ai
605 2321 721 2348 Moiraghi
735 2319 783 2346 (op.
799 2319 839 2341 cit.
855 2323 909 2344 pag.
924 2316 960 2342 87)
970 2316 1008 2337 noi
1019 2314 1136 2336 crediamo
1147 2314 1188 2336 che
1199 2313 1306 2335 Maestro
1315 2313 1359 2334 Mi—

476 2370 566 2392 chelino
581 2369 616 2390 sia
631 2372 676 2389 una
691 2367 769 2387 stessa
784 2368 884 2390 persona
899 2367 943 2383 con
957 2360 1058 2382 Michele
1072 2359 1180 2381 Molinari
1200 2358 1267 2380 detto
1287 2358 1361 2379 anche

477 2417 505 2437 da
522 2415 636 2439 Besozzo,
651 2412 694 2434 che
708 2410 744 2432 nel
761 2409 820 2435 1394,
835 2407 887 2429 doc.
903 2412 925 2428 n.
941 2405 988 2432 CX,
1010 2404 1121 2426 vedremo
1144 2403 1264 2430 dipingere
1285 2404 1358 2425 anche

477 2466 518 2488 per
533 2460 554 2480 Ia
570 2458 654 2481 chiesa
670 2456 692 2477 di
708 2455 731 2477 St
747 2452 868 2476 Mostiola.

529 2505 560 2530 (1)
574 2503 665 2529 Questo
680 2506 752 2528 passo
767 2497 877 2526 specifica
892 2497 907 2518 iI
921 2496 1002 2517 lavoro
1017 2494 1128 2521 pittorico
1149 2493 1270 2519 compiuio
1291 2494 1356 2515 sotto

477 2551 482 2572 i
499 2548 608 2576 μοι-116311
623 2547 659 2568 del
675 2544 778 2568 secondo
793 2542 910 2565 Chiostro.
927 2541 971 2562 Era
986 2540 1007 2561 Ia
1022 2539 1095 2560 storia
1117 2538 1177 2559 della
1199 2538 1246 2559 vita
1262 2537 1284 2558 di
1303 2536 1359 2558 San-

477 2593 611 2621 i'Agostino
626 2591 716 2618 dipinta
730 2590 753 2611 111
767 2588 826 2610 131111
841 2585 968 2613 quadretti,
990 2589 1056 2606 come
1071 2588 1110 2605 era
1125 2583 1186 2604 I'uso
1210 2582 1247 2604 del
1269 2583 1357 2608 tempo.

478 2639 616 2661 Esistevano
638 2640 723 2657 ancora
738 2633 774 2655 nel
792 2632 850 2658 1578,
872 2635 939 2652 come
960 2629 1070 2651 vedremo
1092 2627 1151 2649 nella
1176 2632 1316 2653 pergamena
1337 2625 1360 2647 di

476 2684 535 2706 irate
550 2682 652 2704 Antonio
667 2681 696 2702 da
712 2679 824 2704 Tortona‚
839 2676 899 2698 nella
919 2674 988 2702 quale
1009 2673 1054 2700 egli
1075 2672 1175 2698 adduce,
1197 2676 1263 2693 come
1285 2676 1358 2697 prova

477 2729 499 2750 in
514 2733 558 2749 suo
572 2727 653 2748 tavare
667 2724 726 2746 nella
741 2720 901 2744 controversia
922 2718 1049 2741 suII¹abito
1072 2716 1234 2743 Agosuniano,
1249 2715 1270 2736 Ie
1285 2714 1359 2741 figure

478 2774 514 2795 dei
529 2772 582 2793 irati
598 2779 609 2788 «
623 2771 666 2792 che
680 2774 739 2790 sono
754 2766 843 2793 dipinte
857 2763 1014 2787 anticamente
1028 2761 1217 2784 neII’ineIaustro
1239 2760 1260 2781 in
1276 2759 1296 2781 Ia
1312 2759 1359 2780 vita

478 2818 515 2839 del
538 2818 608 2838 santo
632 2814 704 2841 padre
728 2811 843 2839 Agostino
857 2817 877 2831 ³».
893 2809 910 2830 II
925 2808 950 2830 Ρ.
971 2807 1117 2830 ROMUALDO
1141 2805 1254 2830 GfflsoNI,
1278 2804 1360 2826 Flavia

479 2862 554 2888 Papia
570 2865 648 2886 sacra,
664 2859 724 2885 part.
741 2861 756 2883 I,
772 2861 825 2883 pag.
840 2854 874 2881 99,
899 2853 950 2875 dice
971 2853 1028 2877 che:
1043 2859 1055 2869 «x
1070 2850 1173 2872 PrIorem
1194 2849 1279 2876 agente
1294 2847 1362 2870 Boni-

478 2907 539 2928 iacio
553 2904 714 2931 Buttigeua..„
729 2900 837 2923 asceterii
851 2899 980 2921 claustrum
995 2896 1069 2923 gestis
1083 2894 1107 2917 S.
1124 2894 1148 2916 Ρ,
1164 2893 1288 2920 Augustini
1309 2894 1360 2914 arte

479 2950 577 2978 pictoria
598 2948 674 2970 ornari
696 2946 821 2969 curavit...
844 2943 950 2970 plurimis
971 2941 1115 2963 ornabantur
1132 2939 1235 2966 parietes
1251 2937 1357 2964 picturis,

478 2996 545 3023 gesta
560 2996 610 3016 tum
626 2993 653 3014 D.
670 2992 695 3014 P.
711 2989 844 3017 Augustini,
865 2990 916 3010 tum
931 2987 959 3009 D.
975 2985 1064 3008 NicoIai
1086 2979 1242 3006 Tolentinatis
1261 2981 1360 3004 reteren-

480 3040 552 3065 tibus,
568 3042 666 3064 quarum
681 3033 888 3060 contemplatione,
902 3037 955 3054 cum
970 3029 1072 3052 nondum
1087 3028 1155 3050 nobis
1169 3027 1311 3049 innotuisset
1325 3026 1365 3048 ha-

480 3085 545 3107 bitus
559 3082 755 3106 Reiormatorum,
771 3078 810 3104 qui
825 3077 902 3099 adhuc
911 3075 985 3097 Ticini
996 3073 1138 3096 domicilium
1153 3078 1198 3094 non
1215 3071 1362 3097 obtinebant,

481 3134 551 3156 quem
566 3126 641 3149 sancti
655 3124 686 3146 IIIi
701 3124 724 3145 in
739 3123 773 3144 eis
787 3121 885 3148 picturis
908 3118 1107 3146 praeseferebant,
1129 3113 1193 3139 tenui
1214 3116 1303 3138 scilicet
1324 3120 1363 3137 cu-

1386 3024 1390 3026 ’
1418 3026 1471 3052 ogni
1486 3031 1547 3047 anno
1562 3026 1598 3047 nel
1612 3026 1694 3052 giorno
1709 3025 1768 3047 della
1783 3025 1844 3047 testa
1858 3025 1881 3047 di
1896 3030 1951 3047 eaeo
1965 3026 2043 3052 santo,
2053 3025 2194 3052 portandovi
2204 3025 2226 3047 la
2235 3021 2294 3048 ciffi

1410 2268 1470 2290 cuIIa
1494 2269 1602 2295 angustis
1617 2269 1721 2295 manicis,
1736 2269 1854 2296 nudisque
1867 2269 1977 2296 pedibus,
1991 2269 2099 2297 ipsisque
2118 2268 2231 2293 3331131113
2249 2268 2301 2293 Μ-

1412 2312 1486 2339 tultis,
1502 2318 1548 2335 uno
1563 2313 1662 2340 capucio
1677 2313 1800 2335 dumtaxat
1814 2315 1923 2341 excepto,
1938 2314 2003 2341 quod
2013 2314 2171 2336 acuminatum
2181 2319 2228 2337 non
2263 2310 2266 2312 ⁷

1415 2357 1463 2379 3113
1478 2357 1629 2384 antiquorum
1644 2357 1742 2379 fratrum
1757 2357 1852 2379 OrdInIs
1872 2357 1973 2380 instituti
1994 2358 2134 2380 austeritate
2155 2358 2298 2381 mim

1413 2401 1573 2423 devotione...
1589 2401 1656 2428 Quae
1669 2403 1748 2424 tamen
1762 2402 1860 2429 antiqua
1874 2402 2047 2429 plurimumque
2061 2402 2210 2425 neniae-uva
2224 2406 2300 2431 anei

1411 2447 1505 2468 stiniani
1520 2446 1615 2469 Ordinis
1630 2448 1789 2474 monumenta,
1803 2448 1859 2469 ante
1875 2453 1950 2469 annos
1963 2447 1991 2470 25
2003 2447 2041 2473 (Ρ.
2063 2447 2199 2470 Romualdo
2219 2446 2299 2472 laeda

1411 2491 1504 2513 inedita
1517 2492 1541 2513 la
1556 2497 1601 2513 sua
1615 2497 1695 2518 opem,
1711 2491 1806 2518 quando
1828 2492 1888 2514 mori
1903 2492 1943 2515 nel
1964 2492 2038 2518 1⁶97)
2057 2492 2130 2514 irater
2150 2492 2246 2520 quidam

1413 2535 1531 2562 Castellis,
1547 2541 1600 2558 cum
1614 2536 1670 2558 inibi
1685 2536 1789 2558 Priorem
1804 2537 1892 2563 ageret,
1908 2537 2066 2559 coementario
2079 2537 2150 2559 lussit
2172 2536 2298 2565 pm

1413 2580 1532 2601 obliterari
1547 2587 1567 2601 1».

1468 2624 1499 2650 (2)
1513 2623 1558 2650 Qui
1573 2625 1666 2647 trattasi
1688 2630 1734 2647 non
1753 2625 1814 2647 della
1835 2625 1906 2648 solita
1926 2630 2004 2647 annua
2025 2625 2109 2647 offerta
2131 2625 2169 2647 del
2190 2625 2249 2649 coin

1413 2669 1474 2694 (vedi
1490 2669 1541 2692 doc.
1557 2675 1579 2692 n.
1595 2669 1666 2692 XXVI
1680 2675 1694 2691 e
1707 2668 1807 2697 XXXV),
1822 2675 1860 2692 ma
1870 2670 1893 2692 di
1904 2675 1950 2692 uua
1965 2669 2114 2697 particolare.
2129 2670 2173 2692 che
2182 2669 2242 2693 0133

1415 2714 1496 2736 Ieazzo
1511 2714 1592 2736 soleva
1605 2713 1655 2737 tare
1669 2714 1730 2736 nella
1750 2714 1811 2737 testa
1826 2714 1849 2736 di
1863 2714 1887 2736 S.
1909 2714 2032 2742 Agostino.
2054 2713 2154 2740 Quando
2167 2714 2188 2736 ei
2202 2715 2238 2737 313
2257 2718 2305 2739 ew

1416 2758 1524 2780 nunciata
1539 2758 1586 2780 tale
1599 2758 1683 2780 offerta
1698 2763 1744 2780 non
1758 2758 1889 2786 sappiamo.
1905 2758 1934 2780 Di
1949 2758 1988 2780 un·
1999 2759 2058 2780 altra
2076 2758 2169 2786 offerta,
2190 2758 2296 2783 suum

1414 2803 1537 2824 anch'essa
1553 2803 1582 2824 da
1597 2803 1655 2825 01311
1669 2803 1787 2826 Galeazzo
1799 2809 1814 2826 3
1829 2803 1909 2825 favore
1923 2803 1984 2825 della
1998 2804 2079 2825 nostra
2093 2802 2178 2826 chiesa
2199 2803 2235 2826 sin
2279 2799 2282 2800 ⁷

1418 2847 1476 2874 1381,
1491 2847 1557 2874 parla
1571 2848 1586 2869 il
1603 2847 1733 2875 ROBOLINI,
1748 2848 1852 2874 Nouate,
1867 2848 1913 2870 vol.
1928 2848 1955 2870 V⁴
1976 2848 2037 2874 part.
2053 2847 2070 2874 1,
2085 2853 2138 2875 pag.
2162 2848 2211 2875 352,

1414 2891 1467 2914 tede
1481 2892 1504 2914 di
1519 2898 1550 2914 un
1565 2892 1706 2915 documento
1720 2898 1762 2915 ora
1777 2892 1892 2919 perduto:
1904 2900 1916 2910 ε
1926 2891 1970 2914 Per
1983 2892 2067 2914 lettere
2077 2892 2100 2914 di
2114 2891 2167 2915 Gio:
2184 2895 2202 2911 tv
2229 2905 2238 2910 ι
2261 2890 2296 2920 f

1413 2936 1437 2958 iu
1452 2937 1561 2959 ordinato
1576 2937 1637 2959 dalla
1652 2937 1709 2959 citta
1723 2937 1799 2959 chem.
1815 2937 1835 2959 si
1849 2936 1940 2959 facesse
1954 2937 1994 2958 un'
2009 2937 2126 2959 offerta...
2142 2937 2165 2959 in
2179 2936 2203 2959 S.
2215 2924 2303 2961 meu&

1414 2982 1436 3003 in
1451 2981 1500 3004 Ciel
1515 2982 1582 3003 d'oro
1597 2981 1658 3003 dalla
1673 2983 1740 3009 parte
1756 2981 1817 3009 degli
1828 2981 1963 3008 Eremitani,
1972 2981 2087 3003 aII¹aItare
2096 2981 2120 3003 di
2130 2980 2154 3004 S.
2165 2980 2301 3011 Girolamor

1417 3076 1447 3092 un
1463 3070 1541 3097 pallio,
1557 3075 1604 3092 ecc.
1620 3075 1662 3096 per
1676 3070 1795 3092 riverenza
1809 3069 1869 3092 della
1882 3069 1974 3092 nascita
1988 3069 2012 3091 di
2025 3069 2120 3092 Azzone
2134 3077 2154 3091 2.

1469 3114 1500 3140 (3)
1514 3113 1634 3136 S’intende
1649 3114 1709 3136 della
1722 3113 1827 3136 tabbrica
1840 3114 1901 3136 della
1917 3113 2052 3136 cattedrale
2065 3114 2089 3136 di
2102 3113 2199 3137 Mllano.
2253 3131 2261 3142 ,
