2496 3600
1976 203 2038 235 117

124 349 147 358 ⁴·
135 359 178 394 55
223 336 405 375 hominum,
429 335 465 367 ut
488 339 563 367 mos
586 335 649 373 est,
673 333 872 367 elemosinis
895 335 928 367 et
951 334 1134 367 cotidianis
1157 334 1324 368 subsidiis
1348 335 1559 374 victitabant,
1573 335 1730 368 menibus
1747 335 1888 374 eiecisti;
1916 345 1978 368 nec
2007 336 2039 368 in

128 394 169 433 ,Ὗ
224 397 418 433 memoriam
442 395 541 429 rediit
564 397 596 428 te
622 395 655 428 in
679 404 720 429 ea
745 396 827 428 urbe
853 396 942 429 unde
967 404 1138 438 pauperes
1162 396 1368 439 pellerentur
1399 405 1476 429 esse
1513 405 1580 429 non
1617 405 1733 438 posse,
1770 397 1834 429 nisi
1859 397 1906 429 tui
1932 397 2042 438 ipsius

142 461 180 512 „s
224 467 365 504 prorsus
388 458 517 492 oblitus
540 458 600 498 sis;
625 458 765 500 quippe,
791 455 917 491 Christi
942 458 1121 500 professus
1145 460 1391 501 paupertatem,
1409 459 1599 492 diabolicas
1635 468 1721 501 opes
1745 467 1785 492 ac
1811 459 1984 500 indignam
2009 461 2041 491 te

225 522 408 567 potentiam
433 520 636 562 concupisti.
661 517 750 553 Vitia
773 517 824 562 (P)
849 521 1028 554 dissimula
1052 523 1084 554 et
1108 522 1267 563 quamvis
1291 522 1500 554 tumentibus
1525 521 1635 555 oculis
1660 521 1718 554 ubi
1743 521 1859 554 videre
1884 530 1951 553 non
1971 530 2044 562 ¹po-

147 626 166 634 Β
223 586 320 619 tes....
343 583 504 626 quoniam
529 583 558 615 si
583 591 700 615 verum
725 584 777 616 est
801 583 894 624 quod
920 591 957 616 se
982 583 1062 616 viva
1098 584 1224 617 veritas
1249 584 1282 616 in
1314 584 1526 626 pauperibus
1562 584 1635 617 suis
1659 586 1692 617 et
1716 583 1846 625 suscipi
1872 585 1904 616 et
1929 583 2044 615 nutriri

138 631 142 638 f
225 646 370 682 asseruit
393 647 427 679 et
450 645 578 685 vestiri,
602 654 746 678 necesse
771 647 823 679 est
848 647 883 678 ut
907 645 974 678 iliis
998 646 1205 680 abeuntibus
1229 645 1388 680 Christus
1412 646 1530 686 aberit,
1548 655 1616 688 quo
1634 648 1803 685 cessante,
1828 645 1954 687 quibus
1975 645 2047 677 bel-

146 749 154 761 «,
225 706 294 744 lum
317 708 464 742 ducibus
488 708 614 750 geretis
638 708 795 750 cogitate.
820 706 888 741 Sed
914 708 956 741 de
981 709 1045 741 hoc
1071 708 1145 751 ipse
1171 709 1309 749 videris,
1334 709 1391 751 qui
1421 709 1641 742 consiliorum
1665 709 1794 742 exitum
1819 708 2046 750 pessimorum

225 771 360 815 qualem
383 771 499 804 decuit
522 772 566 810 te,
590 770 707 803 videre
732 771 798 804 iam
823 771 947 812 incipis
971 771 1004 804 et
1028 771 1071 804 de
1096 771 1263 813 proximis
1287 780 1326 804 es
1350 771 1498 804 visurus.
1525 770 1610 804 iilud
1635 780 1717 813 ergo
1741 769 1985 813 propterquod
2003 769 2046 802 ad

131 823 167 838 ”
224 833 392 869 calamum
417 833 574 866 venimus
599 841 810 875 exequamur
833 830 895 874 (1).
921 832 1008 866 Inter
1024 835 1136 866 cetera
1161 833 1319 875 equidem
1344 835 1457 867 vestre
1481 833 1582 867 famis
1607 833 1733 866 indicia
1750 833 1832 865 illud
1850 832 1954 874 vulgo
1979 841 2047 864 non

227 895 344 931 ultimo
368 897 582 935 memoratur,
606 895 700 937 quod
724 902 844 928 omnes
868 899 983 935 canes,
1008 904 1097 937 quos
1122 895 1178 928 illa
1202 896 1324 929 civitas
1349 895 1478 935 habuit,
1503 905 1569 938 que
1594 895 1772 938 generosis
1795 904 1917 928 canum
1935 894 2049 936 stirpi·-

223 959 292 994 bus
315 958 489 992 abundare
514 957 614 991 solita
638 959 701 998 est,
726 957 806 999 quia
830 957 910 999 peili
936 959 972 990 ut
996 958 1151 990 homines
1176 967 1243 990 non
1268 960 1434 999 poterant,
1463 958 1604 991 interfici
1630 957 1824 1000 precepisti.
1850 956 2047 998 Obsequio<-

139 1062 141 1065 .
161 1055 164 1059 ὲ
227 1026 303 1056 sum
326 1020 501 1062 fidumque
525 1019 649 1053 animal
674 1021 707 1053 et
731 1020 804 1053 sine
829 1020 965 1052 homine
990 1020 1106 1052 vivere
1131 1008 1294 1060 nescinm;
1320 1029 1341 1053 ο
1365 1020 1419 1053 vel
1444 1020 1586 1053 durities
1611 1021 1695 1053 mira
1719 1020 1772 1053 vei
1798 1019 1951 1053 esuries!
1987 1019 2046 1052 ubi

227 1083 323 1127 pasci
347 1082 435 1116 solet
458 1082 635 1122 occiditur,
660 1083 692 1115 te
718 1082 865 1115 iubente.
891 1081 938 1115 lta
962 1082 1084 1115 civitas
1107 1082 1285 1115 ticinensis
1309 1082 1597 1124 longobardorum
1622 1082 1795 1124 quondam
1820 1082 1923 1115 sedes
1940 1090 2048 1123 augu-

226 1145 378 1180 stissima
401 1146 434 1178 et
457 1144 591 1178 alendis
615 1144 715 1177 etiam
740 1144 916 1177 immensis
940 1145 1020 1186 apta
1044 1144 1263 1184 exercitibus;
1289 1145 1431 1186 copiosa
1455 1153 1537 1187 agro
1563 1144 1645 1177 urbe
1662 1146 1764 1186 atque
1782 1153 1912 1183 amena,
1927 1143 2049 1176 Ticino

154 1242 166 1245 „
226 1205 391 1250 Padoque
415 1208 582 1250 proxima;
607 1207 650 1240 ad
676 1207 765 1239 hunc
790 1208 914 1240 statum
939 1206 1094 1239 consiliis
1117 1206 1185 1239 tuis
1209 1207 1364 1248 pervenit
1388 1208 1424 1239 ut
1448 1207 1569 1248 paucis
1604 1207 1748 1240 canibus
1784 1207 1909 1239 mucidi
1946 1206 2046 1248 panis

227 1267 334 1304 frusta
357 1279 424 1303 non
449 1270 586 1312 prestet.
612 1267 842 1308 Quamobrem
867 1272 944 1302 cuni
969 1268 1235 1302 mediolanensis
1273 1269 1461 1310 provincia,
1497 1278 1599 1311 quam
1624 1271 1659 1302 tu
1683 1269 1744 1302 tibi
1781 1269 2048 1311 obpugnandam

150 1369 155 1372 ,
226 1332 307 1366 odio
331 1331 441 1375 magis
465 1340 568 1374 quam
592 1331 744 1374 potentia
769 1330 938 1374 delegisti,
963 1331 1100 1372 aucupii
1126 1331 1310 1373 generibus
1335 1331 1507 1364 universis
1531 1340 1571 1364 ac
1601 1331 1793 1364 venationis
1829 1331 2005 1370 exuberet,
2030 1340 2051 1364 a

229 1394 355 1439 quibus
379 1394 506 1428 nullius
530 1394 696 1427 hactenus
720 1395 778 1427 aut
801 1394 935 1426 tuorum
960 1392 1156 1426 incursibus
1173 1393 1393 1435 prohibemur
1416 1402 1479 1426 nec
1504 1393 1676 1435 prohiberi
1694 1393 1832 1435 quidem
1850 1396 2053 1434 possumusg

229 1457 388 1492 volumus
411 1466 479 1490 non
505 1458 540 1490 ut
564 1457 708 1496 hostem,
744 1455 806 1489 sed
831 1457 867 1489 ut
902 1455 1085 1495 hominem,
1109 1456 1142 1488 te
1167 1464 1286 1498 rogare
1322 1457 1492 1497 quatenus
1527 1455 1663 1497 aliquos
1699 1464 1742 1488 ex
1779 1455 1880 1488 dictis
1904 1455 2049 1488 canibus

142 1561 162 1571 .,
229 1520 324 1564 prius
347 1529 449 1562 quam
474 1527 594 1552 omnes
618 1519 794 1558 intereant,
819 1518 919 1551 nobis
944 1518 1068 1557 mittas,
1093 1518 1215 1551 melius
1239 1518 1340 1551 nobis
1364 1527 1550 1559 numquam
1582 1518 1781 1557 servituros;
1818 1517 1910 1559 quod
1936 1518 1965 1550 si
1991 1518 2054 1550 hu—

222 1591 330 1616 'mano
352 1591 410 1616 ore
435 1582 528 1624 loqui
553 1582 699 1624 possint,
713 1583 832 1614 natura
856 1581 933 1623 ipsa
956 1581 1126 1621 fatebitur;
1151 1581 1205 1614 vel
1231 1581 1259 1614 si
1285 1581 1330 1614 ita
1354 1589 1431 1614 sors
1448 1581 1571 1620 tulerit,
1588 1589 1746 1622 aprorum
1765 1580 1926 1613 dentibus
1950 1589 2052 1622 quam

223 1645 319 1679 ‘fame
342 1643 397 1678 vel
421 1644 537 1688 gladio
561 1645 741 1686 perituros.
1411 1689 1414 1694 ⁴
1711 1647 1714 1649 ’

318 1706 395 1741 Dat.
420 1709 484 1741 etc.
1094 1706 1298 1739 Franciscus
1322 1705 1481 1739 Petrarca
1505 1715 1567 1748 pro
1591 1705 1730 1738 domino
1755 1704 1957 1738 Bernabove

1107 1769 1314 1802 Vicecomite
1339 1768 1527 1802 Mediolani
1552 1770 1615 1802 etc.
1641 1768 1780 1801 domino
1804 1757 1964 1810 generali.

1073 1980 1209 2021 LIV⁴

317 2089 499 2120 Galeazzo
522 2090 688 2120 Visconti
713 2089 904 2120 scrivendo
928 2090 974 2120 ad
999 2090 1153 2128 Ugolino
1178 2090 1348 2127 Gonzaga
1372 2089 1480 2119 rende
1515 2088 1792 2119 testimonianza
1817 2087 1888 2118 alla
1912 2086 2054 2125 probita

228 2143 273 2174 ed
296 2143 331 2174 al
356 2143 480 2174 valore
504 2143 540 2174 di
565 2143 672 2174 Frate
697 2143 871 2174 Giacomo
895 2143 1086 2173 Bussolari
1103 2141 1166 2185 (2).

844 2239 998 2273 1369,
1026 2239 1348 2289 dioem'lbre,
1375 2240 1451 2266 12.

763 2328 842 2354 (Arch.
857 2327 969 2356 Gonzaga
984 2327 1007 2350 di
1021 2328 1144 2355 Mantovn,
1160 2327 1231 2351 Rubr.
1247 2328 1273 2350 Ε.
1289 2327 1378 2355 Regist.
1394 2327 1511 2354 Litterar).

226 2533 230 2536 ·
286 2513 436 2632 M
473 2531 651 2562 AGNiFiCO
675 2527 813 2560 domino
838 2526 987 2570 Ugolino
1011 2527 1054 2560 de
1079 2525 1243 2569 Gonzaga
1267 2526 1338 2559 filio
1363 2526 1551 2559 carissimo.

583 2589 644 2623 Fili
669 2590 855 2623 carissime.
881 2589 973 2623 Visis
997 2589 1117 2623 litteris
1141 2589 1266 2622 vestris
1303 2589 1517 2631 responsivis
1541 2588 1584 2621 ad
1614 2590 1759 2627 nostras,
1797 2587 2052 2621 continentibus

493 2653 579 2686 inter
602 2652 668 2686 alia
692 2652 784 2695 quod
810 2654 929 2695 gentes
953 2653 1116 2695 armigere
1142 2661 1203 2694 per
1226 2661 1291 2685 nos
1315 2652 1514 2685 transmisse
1550 2651 1593 2683 ad
1631 2652 1745 2692 partes
1781 2650 1987 2692 superiores,
2020 2650 2053 2682 et

228 2717 344 2749 contra
367 2715 499 2750 emulos
521 2717 668 2756 nostros,
693 2717 803 2749 status
826 2715 932 2748 nostri
956 2715 1126 2757 presentis
1150 2714 1442 2748 contentacionem
1468 2714 1592 2753 inesse,
1618 2713 1731 2746 animo
1755 2714 1870 2746 vestro
1905 2721 1972 2745 non
2003 2713 2054 2745 te-

283 2871 315 2900 (i)
327 2873 364 2896 Ad
378 2873 537 2896 iliustrazione
551 2873 574 2896 di
589 2874 675 2901 questa
696 2873 780 2896 lettera
799 2873 868 2900 giova
887 2873 902 2894 il
912 2873 1024 2900 seguente
1035 2877 1108 2899 passo
1161 2871 1246 2894 {amem
1261 2871 1461 2893 incrudescentern
1471 2871 1524 2892 nihil
1536 2870 1623 2897 proruit
1635 2871 1751 2892 mactasse
1762 2870 1832 2892 etiarn
1843 2875 1913 2892 canes
1923 2870 1945 2892 in
1956 2869 2047 2896 epulas,

232 2916 382 2942 deu'AzAmo
395 2917 461 2944 (Raer.
476 2918 530 2941 itai.
545 2918 628 2946 script.
643 2918 690 2941 vol.
706 2917 764 2945 XVI,
778 2918 822 2940 col.
837 2917 899 2944 378):
914 2924 926 2935 α
941 2917 1043 2939 Eandem
1057 2916 1110 2942 (Pa-
1163 2916 1311 2938 mulierculas
1327 2915 1431 2942 miseras,
1447 2915 1558 2942 virosque
1572 2915 1678 2936 imbelles
1691 2919 1720 2936 ac
1733 2914 1828 2936 inutiles
1838 2914 1935 2941 eiecisse
1945 2921 1965 2935 ιο.
1981 2913 2047 2935 Delia

232 2961 303 2989 vlam)
323 2962 432 2985 dominus
452 2962 574 2985 Galeatius
588 2967 641 2984 eum
656 2962 742 2985 comite
764 2961 843 2984 Lando
858 2962 882 2984 et
896 2961 972 2988 ipsius
986 2961 1108 2988 societate,
1164 2959 1322 2987 prediiezione
1336 2959 1358 2981 di
1375 2959 1482 2981 Bernabo
1497 2959 1601 2982 Visconti
1613 2964 1654 2986 per
1664 2959 1670 2981 i
1681 2958 1741 2986 cani,
1756 2958 1808 2981 vedi
1823 2958 1918 2981 Azanio
1929 2958 1982 2980 loco
1996 2958 2046 2985 cin,

232 3004 297 3028 duris
316 3007 443 3034 repagulis,
464 3012 518 3030 cum
538 3006 632 3034 navigio
652 3006 768 3033 superiori
783 3007 807 3028 et
822 3005 932 3033 interiori,
955 3006 987 3027 ita
1002 3005 1114 3032 perstrin-
1167 3004 1211 3026 coi.
1226 3004 1274 3031 393,
1288 3004 1336 3031 ⁴0⁴,
1351 3004 1399 3026 «Β.

232 3049 310 3078 zebet,
325 3051 352 3073 ut
365 3050 494 3073 marchioni
503 3050 694 3078 (Montisierrati)
703 3055 852 3078 nequaquam
861 3050 1036 3077 permitteretur
1043 3049 1113 3071 blada
1219 3048 1251 3075 (2)
1265 3047 1356 3074 Questo
1371 3048 1512 3070 documento
1533 3047 1557 3070 iu
1579 3047 1716 3075 pubblicato
1737 3047 1775 3070 dai
1789 3047 1927 3074 ΜΑοΕΝτΑ,
1942 3053 1980 3074 ορ.
1996 3047 2045 3074 cir„

232 3094 322 3117 venalia
335 3096 377 3118 aut
391 3095 498 3123 plaustro
511 3096 554 3118 aut
568 3095 621 3118 navi
636 3095 728 3118 mittere
735 3095 759 3117 in
768 3095 896 3122 civitatem,
907 3094 929 3116 in
940 3100 986 3122 qua
996 3094 1111 3116 adversus
1165 3093 1212 3115 voi.
1228 3092 1254 3120 il,
1270 3098 1323 3120 pag.
1341 3093 1372 3115 19.
1389 3093 1419 3115 Le
1433 3092 1573 3120 condizioni,
1588 3092 1611 3114 in
1625 3092 1662 3114 cui
1677 3097 1716 3114 era
1731 3091 1819 3114 ridotta
1839 3091 1910 3114 Pavin
1924 3092 1946 3113 ai
1960 3091 2048 3114 comin-
