2496 3600
455 1723 458 1727 ι
499 1706 680 1748 Augustini
706 1706 748 1738 de
773 1704 880 1748 Papia
906 1706 1068 1748 magistro
1094 1706 1126 1738 in
1151 1714 1249 1738 sacra
1275 1706 1411 1748 pagina,
1436 1707 1498 1739 etc.

503 235 574 288 '142

507 398 598 424 mera
622 390 789 433 superiori
814 391 1012 431 cubiculari,
1037 401 1103 434 que
1129 393 1344 434 nuncupatur
1367 399 1500 424 camera
1525 390 1584 424 lob
1598 387 1662 432 (l),
1686 390 1799 433 posita
1823 391 1856 424 in
1880 390 1983 426 Porta
2008 391 2191 434 Laudensi,
2215 392 2249 427 In
2264 401 2329 436 pa-

505 453 620 487 rochia
655 451 778 487 Sancte
815 453 923 487 Marie
958 453 1066 488 Nove.
1104 454 1244 487 lllustris
1268 456 1301 486 et
1325 453 1464 486 excelsa
1487 453 1625 486 domina
1649 453 1787 487 domina
1811 452 1963 488 Blancha
1987 454 2031 488 de
2055 453 2241 496 sabaudia,
2256 455 2327 491 filia

504 516 676 558 quondam
714 517 801 550 bone
837 517 996 550 memorie
1033 516 1174 549 illustris
1210 515 1376 558 principis
1410 515 1538 548 domini
1575 514 1741 558 Aymonis
1776 513 1921 551 Comitis
1957 515 2130 551 sabaudie
2153 519 2186 551 et
2209 517 2328 553 relicta

503 579 675 620 quondam
701 578 809 612 felicis
835 579 1079 612 recordationis
1104 578 1272 620 magnifici
1298 580 1331 611 et
1355 577 1484 611 excelsi
1509 577 1637 611 domini
1662 578 1791 611 domini
1809 575 1936 612 Galeaz
1953 578 2182 618 vicecomitis,
2208 579 2324 623 Papie,

503 642 566 674 etc.
593 641 776 683 imperialis
802 640 924 674 Vicarii
963 639 1152 679 Generalis,
1179 649 1240 673 nec
1265 649 1331 673 non
1365 642 1471 673 mater
1495 639 1643 678 illustris,
1660 640 1826 683 principis
1850 649 1890 674 ac
1914 641 2083 684 magnifici
2108 642 2237 676 domini
2261 642 2324 676 do·

503 704 582 735 mini
609 704 765 736 Iohannis
790 702 915 736 Galeaz
942 702 1160 736 vicecomitis
1185 702 1384 742 Mediolani,
1408 701 1526 744 Papie‚
1542 704 1606 736 etc.
1624 700 1769 736 Comitis
1793 701 1971 743 Virtutum,
1990 703 2175 746 imperialis
2199 703 2324 740 vicarii

501 764 679 799 Generalis
683 791 767 797 ........
794 765 911 804 voluit,
936 765 1117 804 ordinavit,
1143 764 1268 807 legavit
1285 767 1318 798 et
1336 765 1519 804 mandavit,
1536 773 1576 798 ac
1594 764 1677 804 vult,
1694 765 1838 804 ordinat,
1856 765 1946 808 legat
1961 767 1994 799 et
2010 766 2180 800 mandat...
2197 767 2324 810 quod...
2346 787 2361 809 ι;

502 828 663 866 redditus,
689 830 875 869 proventus
900 830 933 860 et
957 827 1064 869 prode
1099 827 1321 869 pecuniarum
1351 827 1622 869 supradictarum
1647 827 1691 861 de
1715 826 1867 861 Venetiis
1883 825 1946 870 (2),
1970 836 2060 870 quos
2085 829 2160 871 ipsa
2184 829 2323 864 domina

500 891 654 924 testatrix
681 891 806 932 legavit
830 890 1056 932 supascriptis
1081 890 1267 930 abbatisse,
1285 889 1461 923 sororibus
1477 891 1510 923 et
1526 890 1734 923 monasterio
1758 893 1793 923 ut
1817 899 1921 933 supra
1937 887 2001 932 (3),
2018 891 2095 933 ipsa
2110 891 2249 926 domina
2264 875 2379 926 ab--xsss

502 953 630 985 batissa
655 953 809 985 solvente
835 952 1048 994 infrascripta
1073 952 1184 995 legata
1208 952 1353 995 singulis
1377 952 1487 992 annis,
1506 952 1665 986 videlicet
1687 952 1837 986 florenos
1861 954 1996 987 centum
2021 953 2153 996 legatos
2177 956 2214 988 ut
2237 954 2325 990 infra

500 1015 680 1048 conventui
719 1014 870 1048 Fratrum
908 1015 1152 1048 Heremitarum
1189 1013 1303 1048 Sancti
1341 1014 1522 1058 Augustini
1547 1015 1590 1048 de
1615 1014 1722 1058 Papia
1747 1017 1780 1048 et
1803 1015 1953 1049 florenos
1984 1016 2153 1050 ducentos
2176 1005 2326 1061 singulis>

499 1079 598 1110 annis
622 1078 833 1119 errogandos
859 1078 890 1110 in
916 1078 1150 1111 anniversario
1175 1086 1251 1118 suo,
1276 1080 1309 1111 et
1332 1078 1481 1111 florenos
1505 1063 1752 1120 quinquaginta
1777 1079 1961 1112 conventui
1986 1078 2125 1112 fratrum
2150 1077 2268 1114 Mino⁴

495 1141 537 1173 de
564 1139 683 1182 Papia,
712 1143 747 1174 ut
771 1140 866 1180 infra,
893 1149 1002 1182 usque
1027 1140 1070 1174 ad
1097 1149 1262 1173 summam
1299 1139 1388 1173 mille
1423 1140 1627 1174 florenorum
1663 1142 1819 1182 spectent
1843 1142 1876 1174 et
1899 1141 2122 1182 pertineant...
2146 1141 2190 1175 ad
2214 1141 2329 1185 ipsam

503 1204 674 1237 dominam
700 1204 922 1242 abbatissam,
949 1202 1114 1236 moniales
1139 1204 1172 1236 et
1197 1203 1472 1236 monasterium...

590 1267 666 1300 ltem
692 1267 822 1309 prefata
847 1266 988 1299 illustris
1012 1266 1150 1299 domina
1173 1266 1329 1310 testatrix
1354 1266 1457 1308 elegit
1480 1268 1512 1299 et
1537 1266 1630 1309 eligit
1654 1274 1738 1299 suos
1754 1266 1833 1300 fidei
1858 1267 2090 1307 comissarios‚
2107 1266 2267 1302 videlicet

500 1330 639 1362 lustrem
666 1330 840 1362 dominum
865 1329 1081 1362 Manfredum
1107 1328 1342 1361 Marchionem
1367 1326 1590 1368 Saluciarum‚
1614 1331 1646 1362 et
1671 1328 1885 1362 venerabiles
1910 1329 2003 1363 viros
2026 1329 2186 1364 dominos
2201 1323 2253 1366 fra

498 1391 711 1425 Bonifacium
737 1393 779 1425 de
805 1391 996 1434 Buttigellis
1021 1390 1251 1424 confessorem
1277 1399 1376 1423 suum
1394 1387 1456 1431 (4),
1483 1390 1645 1424 Ubertum
1670 1391 1714 1424 de
1731 1389 1858 1424 Sancto
1885 1389 2036 1434 Georgia
2059 1393 2093 1425 et
2116 1389 2338 1428 Gulielmum-

498 1455 547 1487 de⁴
576 1454 763 1488 Advocatis
800 1455 982 1496 magistros
1015 1454 1047 1486 in
1085 1462 1181 1487 sacra
1218 1454 1354 1496 pagina,
1380 1462 1441 1486 nec
1466 1462 1533 1486 non
1558 1453 1732 1496 egregium
1757 1455 1791 1487 et
1814 1453 1983 1487 famosum
2009 1454 2120 1497 legum
2144 1454 2321 1489 doctorem

501 1518 676 1550 dominum
701 1517 897 1559 Philippum
923 1517 965 1550 de
991 1516 1098 1559 Regio
1101 1542 1165 1550 ......

587 1580 809 1613 Presentibus
834 1580 954 1612 illustri
980 1589 1019 1612 ac
1045 1579 1300 1612 venerabilibus
1324 1581 1357 1612 et
1381 1579 1579 1612 scientificis
1611 1580 1694 1612 viris
1730 1579 1869 1612 domino
1905 1579 2086 1613 Manfredo
2121 1579 2302 1615 Marcium

497 1643 718 1689 Saluciarum‚
743 1643 890 1676 dominis
915 1643 1074 1676 fratribus
1100 1642 1277 1676 Bonifacio
1300 1643 1344 1675 de
1369 1642 1562 1685 Buttigellis
1586 1641 1727 1675 Ordinis
1755 1641 1906 1676 Fratrum
1932 1642 2178 1676 Heremitarum
2206 1641 2276 1677 San

1264 1970 1548 2012 LXXXVI
1552 2002 1560 2011 .

588 2082 695 2111 Frate
721 2081 908 2111 Bonifacio
934 2081 1130 2118 Bottigella
1154 2081 1343 2119 presenzia
1368 2081 1403 2111 al
1429 2081 1597 2111 codicillo
1622 2081 1659 2111 di
1683 2080 1820 2110 Bianca
1844 2080 1880 2111 di
1905 2080 2052 2110 Savoia.

1095 2204 1252 2237 1387,
1280 2205 1626 2236 novembre,
1655 2203 1734 2230 16.

1147 2292 1182 2317 (C.
1199 2292 1373 2319 DELL'ACQUA,
1389 2298 1425 2319 op.
1442 2293 1481 2314 cir.
1498 2297 1551 2319 pag.
1569 2291 1673 2318 loe-llO).

519 2429 521 2536 ι
579 2478 687 2597 C
742 2429 924 2553 eODIClLLO
949 2492 984 2524 di
1006 2491 1135 2524 Bianca
1167 2491 1312 2524 Visconti
1335 2490 1370 2523 di
1393 2489 1527 2528 Savoia,
1547 2489 1639 2532 fatto
1663 2489 1752 2522 nella
1783 2490 1892 2522 stesso
1916 2497 1999 2522 casa
2021 2497 2039 2522 e
2062 2496 2195 2522 camera
2217 2489 2251 2522 in

519 2540 521 2640 ,
741 2580 744 2615 Ι
770 2556 801 2588 si
816 2555 894 2597 fece
910 2555 935 2588 il
950 2556 1154 2587 testamento.
1180 2554 1247 2587 Fra
1263 2555 1275 2587 i
1290 2554 1457 2587 testimoni
1478 2553 1669 2594 leggiamo:
1694 2550 1916 2584 Presentibus
1933 2550 2198 2590 venerabilibus,
2215 2549 2271 2584 sci'

568 2653 628 2655 ᾼ
742 2617 871 2652 {tificis
907 2618 940 2649 et
975 2616 1143 2658 religiosis
1180 2615 1262 2648 viris
1298 2615 1447 2647 dominis
1482 2614 1643 2648 fratribus
1678 2613 1856 2648 Bonifacio
1882 2614 1925 2647 de
1957 2613 2150 2656 Buttigellis
2185 2611 2270 2647 Ordi

500 2679 651 2712 Fratrum
678 2679 920 2712 Heremitarum
946 2677 1060 2711 Sancti
1086 2677 1267 2720 Augustini
1293 2677 1335 2710 de
1360 2676 1510 2719 Papia...
1536 2677 1697 2711 omnibus
1721 2676 1893 2719 magistris
1911 2677 1944 2709 in
1961 2684 2059 2709 sacra
2084 2675 2220 2718 pagina,
2237 2676 2292 2709 etr:

504 2839 628 2865 Agostino,
652 2843 710 2864 pure
724 2837 739 2859 il
754 2838 897 2859 testamento
918 2836 1019 2859 essendo
1040 2837 1105 2858 stato
1125 2836 1186 2858 fatto
1200 2841 1214 2858 a
1229 2835 1252 2858 S.
1273 2836 1386 2858 Mostiola
1494 2835 1525 2860 (3)
1539 2834 1660 2857 S’intende
1674 2835 1696 2856 la
1711 2833 1812 2856 badessa
1827 2839 1840 2856 e
1854 2834 1876 2856 le
1890 2833 2003 2856 monache
2017 2833 2054 2855 del
2069 2834 2204 2855 monastero

506 2883 534 2904 ed
549 2883 594 2904 alla
609 2888 722 2909 presenza
737 2882 797 2903 della
812 2881 930 2903 comunita
945 2881 975 2903 ivi
991 2881 1104 2903 esistente
1125 2880 1217 2908 (poiche
1232 2881 1238 2902 i
1253 2880 1304 2902 loro
1325 2881 1387 2902 nomi
1442 2879 1535 2907 chiara,
1549 2879 1648 2901 fondato
1662 2879 1724 2901 dalla
1738 2878 1859 2901 testatrtce
1873 2878 1896 2900 in
1912 2877 1983 2900 Pavia
1998 2878 2013 2899 il
2027 2878 2051 2900 31
2068 2882 2148 2900 marzo
2164 2877 2223 2900 Hm.
2238 2876 2284 2900 Μ

493 2933 552 2955 χηοιι
567 2926 673 2953 figurano
689 2926 733 2947 mai
749 2928 784 2947 tra
800 2926 870 2952 quelli
886 2925 946 2947 della
961 2925 1086 2948 Comunita
1101 2924 1123 2946 di
1138 2924 1162 2947 S.
1177 2924 1310 2951 Agostino),
1333 2928 1388 2946 esso

467 2999 471 3002 ῃ
507 2971 566 2992 deve
581 2970 675 2991 riferirsi
690 2976 704 2992 a
719 2969 742 2992 S.
758 2970 879 2992 Mostiola.

560 3016 592 3040 (1)
609 3014 631 3036 Si
646 3015 766 3036 chiamava
781 3014 879 3036 eamera
894 3014 917 3035 di
932 3013 1023 3036 Giobbe
1038 3019 1080 3040 per
1094 3014 1115 3035 le
1130 3014 1226 3040 pitture,
1248 3013 1290 3035 che
1304 3014 1323 3035 si
1339 3013 1390 3035 rife-

509 3061 589 3082 rivano
604 3060 625 3081 al
640 3061 709 3081 santo
724 3059 824 3085 profeta.

563 3104 593 3130 (2)
607 3103 741 3125 Trattavasi
757 3103 779 3124 di
793 3103 861 3125 40000
874 3103 950 3125 fiorini
965 3103 1039 3129 d'oro,
1056 3103 1098 3125 che
1113 3102 1198 3124 Bianca
1213 3103 1296 3124 teneva
1311 3102 1334 3124 in
1351 3102 1389 3124 de-

510 3149 590 3177 posito
603 3149 625 3170 al
640 3148 715 3169 banco
729 3147 751 3169 di
766 3147 876 3169 Venezia.

1442 2925 1561 2946 stamento
1576 2924 1599 2946 di
1614 2924 1700 2946 manca
1714 2924 1735 2946 si
1749 2924 1779 2945 ha
1800 2922 1952 2945 un'edizione
1966 2922 2004 2944 del
2018 2922 2098 2944 secolo
2121 2922 2190 2949 xvu,
2205 2921 2229 2944 dl
2242 2921 2281 2944 cul

1445 2969 1575 2996 esemplare
1589 2969 1602 2990 e
1616 2968 1652 2990 nel
1667 2968 1752 2990 Museo
1767 2966 1817 2990 clv.
1833 2967 1856 2989 di
1870 2966 1933 2989 Stor.
1948 2966 2012 2989 Patr.
2027 2972 2041 2988 e
2055 2972 2087 2988 un
2100 2966 2204 2989 secondo
2214 2966 2275 2989 nella

1445 3014 1511 3035 bliof.
1527 3013 1594 3036 Univ.
1609 3012 1779 3039 (Τίεὶπεηεία),
1793 3013 1851 3034 tom.
1867 3011 1894 3038 ll,
1908 3017 1931 3033 n.
1946 3011 1979 3033 21.
1995 3011 2028 3033 Fu
2043 3011 2201 3038 rlpubblicato
2216 3011 2256 3038 pol

1444 3057 1531 3085 l'OSlo‚
1546 3057 1644 3080 Ducum.
1660 3057 1758 3084 diplom.
1773 3056 1820 3078 vol.
1836 3056 1852 3078 l.
1868 3061 1922 3083 pag.
1936 3055 1984 3078 260.

1496 3102 1526 3128 (4)
1541 3101 1613 3124 Come
1627 3102 1642 3123 il
1657 3101 1783 3128 Bottigella
1804 3105 1843 3123 era
1866 3101 1994 3123 attamente
2015 3101 2160 3128 appi-exaio
2183 3100 2222 3123 dal
2251 3110 2256 3119 α
2268 3113 2277 3119 -

1444 3147 1512 3174 naggi
1528 3146 1567 3174 piu
1583 3146 1675 3173 illustri,
1697 3145 1746 3168 cosi
1761 3150 1800 3168 eru
1814 3145 1888 3167 anche
1910 3145 1993 3167 tenuto
2016 3145 2039 3167 ln
2062 3145 2150 3172 grande
2173 3145 2352 3174 estimatione-f
