2496 3600
498 255 561 289 190

493 389 597 423 libere
622 391 655 423 et
678 399 762 432 pure
787 398 864 424 esse
887 387 949 431 (1).
975 389 1015 423 Et
1039 390 1120 432 quia
1144 398 1206 432 pro
1231 391 1325 431 parte
1350 387 1495 422 Abbatis
1518 390 1551 421 et
1575 385 1776 422 Conventus
1793 387 1874 421 dicti
1892 376 2087 421 monasterii
2105 387 2314 430 pretenditur
2331 389 2374 433 J?

491 452 604 486 dictos
628 451 777 486 Priorem
803 455 835 486 et
859 451 1073 486 Conventum
1088 452 1188 485 dictis
1202 451 1312 493 pactis
1329 451 1585 484 contravenisse
1599 452 1631 484 et
1644 450 1689 484 ab
1702 450 1871 483 solutione
1884 449 2078 484 huiusmodi
2092 457 2218 484 census
2240 458 2316 484 oes-

491 522 609 548 sasse:
635 514 822 557 Eapropter
847 517 879 548 et
903 523 1007 556 super
1032 514 1204 547 nonnullis
1228 513 1304 546 aliis
1329 515 1401 546 orta
1425 513 1493 546 sint
1518 513 1644 546 motiva
1657 512 1849 554 questionis
1862 520 1975 546 coram
1988 513 2228 546 conservatore
2251 503 2367 558 sequ

491 576 799 610 subconservatore
824 577 991 610 dictorum
1017 575 1164 609 Abbatis
1188 578 1220 609 et
1244 573 1456 615 Conventus,
1473 575 1609 608 demum
1623 583 1685 617 per
1696 574 1878 616 quemdam
1892 573 2364 627 subconservatoremlan-{i

491 640 638 680 quedam
664 641 823 681 pretensa
847 638 1028 671 diffinitiva
1052 638 1220 671 sententia
1245 646 1307 680 pro
1331 637 1433 671 dictis
1469 636 1602 670 Abbate
1625 639 1659 670 et
1682 635 1863 670 Conventu
1889 637 1922 670 in
1947 636 2120 670 nonnullis
2154 637 2316 679 pecunia·

493 711 563 734 rum
589 702 731 734 summis
756 702 938 734 occasione
962 700 1146 734 oblationis
1181 696 1381 733 funeralium
1406 701 1439 733 et
1462 700 1604 733 aliorum
1645 700 1869 742 proventuum
1905 699 1994 733 dicte
2029 699 2173 733 ecclesie
2195 701 2229 733 et
2252 708 2315 742 pro

488 755 597 796 penis,
622 764 683 788 nec
709 764 775 787 non
790 755 972 796 privatoria
998 754 1080 787 iuris
1104 754 1256 796 ipsorum
1281 752 1407 786 Prioris
1431 755 1463 787 et
1487 752 1638 786 Fratrum
1663 754 1692 786 si
1717 753 1810 796 quod
1834 753 2010 795 competiit
2024 753 2155 787 eisdem
2172 753 2206 786 in
2222 761 2310 787 non·
2339 751 2346 762 ”

491 817 593 850 nullis
619 818 719 850 bonis
745 803 986 856 immobilibus,
1011 817 1140 850 eisdem
1155 825 1216 858 per
1240 816 1352 849 dictos
1376 814 1544 849 Abbatem
1568 817 1602 849 et
1624 813 1841 850 Conventum
1881 816 2030 850 venditis
2052 818 2086 850 et
2108 816 2176 850 sub
2198 823 2312 850 annua
2339 808 2366 851 ’ψ

490 880 703 921 prestacione
729 879 905 912 concessis
929 879 988 920 qui
1013 879 1258 920 pretenduntur
1281 878 1314 911 in
1339 878 1515 911 solucione
1552 878 1662 920 ipsius
1698 878 1924 920 prestacionis
1959 878 2116 912 annualis
2144 886 2316 920 cessasse,
2338 892 2358 904 ·

491 943 524 974 et
549 941 721 974 nonnullis
745 941 833 980 aliis,
859 943 959 983 prout
985 941 1016 973 in
1042 941 1211 974 sententia
1237 941 1431 974 huiusmodi
1457 949 1523 983 que
1547 941 1648 974 etiam
1674 940 1707 973 in
1731 942 1827 983 parte
1840 949 1902 983 pro
1926 941 2028 974 dictis
2044 939 2160 974 Priore
2174 942 2207 975 et
2223 925 2360 991 Con-:ff

492 1006 592 1036 ventu
619 1003 685 1036 lata
710 1003 783 1043 tuit,
809 1004 908 1036 cuius
932 1005 1082 1036 tenorem
1109 1003 1232 1036 habere
1257 1003 1441 1045 dignemini
1467 1011 1528 1045 pro
1553 1002 1762 1036 sufficienter
1791 1011 1970 1045 expresso,
2005 1003 2171 1037 seriosius
2205 1003 2313 1038 conti-
2333 1026 2360 1050 3„

491 1068 597 1104 netur,
622 1075 641 1098 a
667 1075 734 1107 qua
759 1075 821 1108 pro
846 1068 940 1108 parte
965 1066 1132 1099 dictorum
1158 1065 1286 1099 Prioris
1310 1067 1342 1098 et
1366 1063 1568 1099 Conventus
1592 1065 1654 1098 ruit
1677 1065 1721 1098 ad
1746 1066 1959 1098 sanctitatem
1985 1064 2139 1098 Vestram
2160 1065 2314 1108 appella·
2336 1062 2354 1087 4³

489 1131 569 1168 tum,
594 1131 627 1161 et
651 1137 755 1162 causa
780 1129 1022 1171 appellationis
1046 1137 1107 1170 per
1130 1129 1285 1161 eiusdem
1322 1127 1570 1161 Beatitudinem
1610 1128 1794 1162 commissa
1819 1128 1881 1161 fuit
1906 1128 2191 1162 reverendissimo
2225 1129 2312 1172 patri
2336 1142 2353 1174 .'-,

491 1191 630 1224 domino
656 1191 690 1224 F.
716 1190 889 1224 Cardinali
916 1190 1042 1224 Pisano
1066 1188 1129 1232 (2),
1154 1200 1267 1224 coram
1293 1200 1362 1232 quo
1387 1191 1420 1223 in
1445 1199 1549 1224 causa
1574 1191 1650 1232 ipsa
1674 1191 1757 1224 citra
1781 1191 2037 1224 conclusionem
2053 1191 2165 1224 extitit
2177 1178 2368 1234 proces-‘³⁴42

491 1262 578 1293 sum,
604 1254 702 1286 cuius
727 1256 851 1287 statum
879 1254 1002 1287 habere
1027 1254 1213 1296 dignemini
1238 1262 1300 1296 pro
1324 1262 1511 1295 expresso:
2371 1247 2374 1252 ’

579 1315 665 1349 Cum
690 1319 814 1356 autem,
839 1316 940 1349 Pater
964 1316 1178 1356 Beatissime,
1203 1315 1299 1349 Prior
1323 1318 1356 1349 et
1379 1314 1580 1349 Conventus
1605 1316 1760 1358 predicti,
1785 1317 1842 1358 qui
1867 1318 1947 1349 sunt
1971 1317 2130 1350 continue
2142 1316 2211 1351 iere
2226 1317 2316 1351 circa
2336 1302 2358 1343 ³-

490 1388 665 1411 numerum
692 1379 726 1411 xl
751 1379 902 1419 fratrum,
927 1381 959 1412 et
983 1380 1041 1421 qui
1067 1379 1302 1426 mendicantes
1326 1379 1369 1412 de
1393 1378 1609 1412 mendicitate
1633 1379 1764 1419 vivunt,
1789 1379 1960 1412 continuis
1973 1379 2266 1422 predicationibus
2281 1380 2315 1414 et
2343 1370 2362 1410 JJ·

490 1442 617 1475 divinis
642 1442 765 1475 officiis
789 1443 889 1484 quasi
915 1442 979 1475 soli
1005 1442 1167 1475 decorent
1191 1442 1316 1475 dictam
1341 1441 1570 1475 venerabilem
1595 1441 1776 1474 ecclesiam
1817 1443 1925 1476 sancti
1951 1441 2052 1482 Petri,
2077 1451 2180 1485 quam
2215 1442 2316 1476 annis
2343 1434 2360 1462 ‘⁷'

489 1504 558 1537 fere
585 1504 618 1536 lx
645 1504 698 1537 vel
724 1505 813 1537 circa
837 1505 998 1537 omnibus
1022 1514 1084 1546 pro
1109 1504 1244 1537 Domini
1271 1504 1382 1537 cultus
1407 1506 1439 1536 et
1463 1503 1607 1537 ecclesie
1639 1505 1816 1537 ornatibus
1840 1513 1880 1537 ac
1911 1505 2134 1547 apparatibus
2164 1504 2319 1539 celebra·
2347 1492 2369 1531 ’Ϊ

490 1567 581 1599 tione
607 1567 809 1606 munierunt,
835 1576 897 1609 pro
921 1567 1048 1609 quibus
1074 1568 1242 1600 maximas
1278 1568 1498 1609 pecuniarum
1533 1575 1685 1600 summas
1720 1567 1993 1609 expendiderunt
2026 1564 2090 1608 (3),
2126 1566 2317 1610 prefatique

490 1628 608 1662 Abbas
634 1631 666 1662 et
690 1628 855 1663 Canonici
881 1631 959 1662 octo
984 1629 1037 1663 vel
1065 1639 1187 1663 novem
1224 1630 1267 1662 ad
1308 1630 1417 1673 magis
1457 1631 1489 1663 in
1525 1630 1745 1664 facultatibus
1780 1630 1979 1663 habundant
2013 1631 2047 1663 et
2081 1630 2220 1672 propter
2253 1637 2317 1664 eos
2347 1626 2375 1674 ’ῥῇ

490 1691 619 1732 prefata
644 1691 787 1724 ecclesia
815 1693 998 1725 honoratur
1022 1692 1055 1724 in
1081 1692 1226 1731 modico,
1251 1694 1409 1734 respectu
1434 1692 1572 1726 fratrum
1598 1679 1837 1734 predictorum.
1861 1690 2082 1734 Supplicatur
2104 1692 2206 1734 igitur
2228 1689 2316 1726 San-
2337 1682 2357 1707 '3-

489 1754 593 1786 etitati
619 1753 738 1787 Vestre
764 1763 826 1796 pro
851 1756 945 1796 parte
970 1754 1137 1787 dictorum
1163 1753 1290 1787 Prioris
1315 1756 1347 1787 et
1372 1752 1573 1788 Conventus
1597 1756 1768 1797 quatenus
1791 1754 1842 1787 eis
1867 1754 1925 1796 pio
1949 1756 1982 1787 et
2006 1755 2147 1796 paterno
2174 1762 2316 1797 compa·
2346 1774 2361 1796 ,5

489 1817 612 1849 tientes
637 1816 758 1849 affectu
783 1817 827 1849 ob
853 1817 1074 1850 reverentiam
1100 1817 1288 1850 beatissimi
1314 1816 1507 1859 Augustini,
1532 1818 1630 1850 cuius
1654 1825 1780 1859 corpus
1797 1817 1830 1850 in
1855 1817 1946 1850 dicta
1970 1816 2118 1850 ecclesia
2131 1816 2319 1851 honorifice
2349 1850 2371 1861 ,

490 1879 684 1920 requiescit,
710 1881 843 1912 actenta
869 1880 1020 1921 ipsorum
1047 1878 1174 1912 Prioris
1199 1881 1231 1912 et
1255 1877 1456 1913 Conventus
1479 1881 1572 1912 arcta
1597 1880 1806 1922 paupertate,
1823 1880 1856 1912 in
1873 1888 1942 1921 qua
1966 1879 2141 1913 constituti
2158 1880 2238 1913 sunt
2254 1887 2318 1922 po-

490 1942 621 1974 tissime
646 1942 691 1974 ob
716 1942 826 1983 ipsius
851 1942 994 1975 ecclesie
1020 1942 1088 1975 fere
1113 1943 1307 1975 inusitatam
1333 1943 1562 1975 visitationem
1586 1942 1736 1975 fidelium
1761 1942 1805 1975 ad
1830 1942 1940 1984 ipsam
1966 1944 2104 1984 propter
2119 1941 2313 1976 fortilicium
2358 1949 2366 1961 ³

491 2005 577 2037 inter
601 2005 693 2046 quod
719 2005 784 2037 sita
809 2007 861 2037 est
886 2005 988 2038 solito
1024 2005 1186 2038 accedere
1222 2014 1289 2037 non
1327 2005 1518 2038 valencium
1536 2002 1599 2046 (4),
1624 2007 1794 2047 quatenus
1829 2005 1953 2038 dictam
1978 2005 2070 2038 litem
2093 2004 2251 2039 tollentes
2274 2005 2318 2039 de

492 2067 604 2099 medio
629 2067 813 2109 dignemini
839 2068 881 2100 de
908 2068 1115 2110 benignitate
1140 2067 1329 2110 apostolica
1353 2068 1478 2100 dictam
1503 2068 1705 2101 sententiam
1730 2076 1889 2101 revocare
1913 2069 1946 2101 et
1970 2076 2075 2110 super
2090 2067 2261 2102 contentis
2282 2067 2316 2101 in

491 2139 532 2162 ea
557 2139 617 2171 pro
642 2131 801 2171 preterito
826 2132 858 2163 et
883 2131 1030 2172 presenti
1067 2131 1169 2164 dictis
1193 2130 1319 2163 Abbati
1344 2132 1377 2163 et
1401 2128 1593 2164 Conventui
1630 2131 1831 2172 perpetuum
1867 2130 2037 2164 silentium
2074 2131 2246 2173 imponere
2275 2138 2317 2165 ac

492 2201 536 2224 ex
562 2194 653 2225 certa
678 2193 820 2225 scientia
845 2193 1028 2225 decernere
1052 2193 1145 2234 quod
1170 2193 1213 2226 de
1238 2195 1350 2226 cetero
1374 2202 1479 2235 super
1502 2193 1603 2226 bonis
1628 2193 1871 2233 immobilibus,
1895 2193 1938 2226 de
1962 2193 2089 2235 quibus
2106 2193 2318 2227 interdictas
2350 2184 2367 2222 J:
2387 2207 2389 2210 ⁴

493 2257 607 2296 partes
632 2255 721 2288 dicta
746 2256 979 2288 controversia
1004 2255 1077 2295 fuit,
1102 2256 1181 2288 dicti
1207 2255 1303 2288 Prior
1327 2258 1360 2288 et
1384 2253 1586 2289 Conventus
1609 2256 1678 2288 sint
1701 2257 1734 2288 et
1758 2264 1836 2289 esse
1861 2257 2066 2289 censeantur
2089 2256 2122 2288 in
2147 2256 2222 2290 eius
2244 2256 2318 2290 iure

494 2320 526 2350 et
551 2319 652 2358 statu,
679 2319 711 2350 in
736 2318 863 2360 quibus
899 2321 993 2351 erant
1028 2320 1105 2351 ante
1131 2320 1323 2360 pretensam
1357 2319 1582 2351 cessationem
1607 2318 1710 2351 annui
1735 2327 1862 2352 census
1886 2327 1946 2351 seu
1971 2307 2210 2360 prestacionis,
2232 2327 2321 2362 quo-
2348 2307 2367 2323 ‘³⁴

494 2389 639 2422 cumque
664 2381 799 2414 nomine
826 2383 1048 2423 nuncupetur,
1074 2383 1106 2414 et
1131 2382 1224 2423 quod
1249 2381 1338 2414 dicte
1362 2381 1616 2423 possessiones,
1640 2390 1707 2423 que
1730 2381 1774 2414 ad
1799 2381 1958 2414 abbatem
1982 2383 2016 2414 et
2039 2379 2236 2424 Capitulum
2259 2380 2321 2415 de-
2360 2378 2387 2423 ζ’,

551 2557 582 2582 (1)
597 2556 680 2583 Quest·
690 2557 854 2579 aitermazione
869 2557 929 2584 degli
945 2557 1089 2584 Agostiniani
1101 2557 1113 2579 ὲ
1124 2557 1270 2584 pienamente
1285 2557 1381 2579 tundata
1436 2557 1539 2579 secondo
1549 2557 1564 2579 il
1575 2557 1653 2584 Corio,
1668 2563 1742 2579 aveva
1757 2557 1817 2579 tatto
1832 2558 1920 2585 erigere
1931 2563 2014 2584 presso
2024 2556 2047 2580 S.
2059 2557 2139 2579 Pietro
2146 2562 2192 2580 una
2201 2557 2315 2586 tunm,

499 2602 558 2623 sulla
574 2602 636 2623 bolla
651 2601 673 2623 di
690 2601 804 2624 Giovannl
820 2602 888 2628 ΧΧ11;
905 2607 917 2623 e
932 2601 1011 2628 percio
1026 2607 1071 2624 non
1093 2602 1112 2623 si
1135 2607 1161 2624 sa
1182 2602 1290 2629 spiegare
1313 2607 1379 2624 come
1434 2602 1476 2624 che
1492 2602 1583 2624 murata
1598 2602 1749 2624 tutt'intorno
1763 2607 1776 2623 e
1791 2607 1844 2624 resa
1859 2601 1898 2629 pit'i
1918 2601 2065 2624 formidabile
2079 2601 2118 2624 dal
2132 2601 2249 2629 profundo
2268 2601 2318 2626 ίω-
2362 2611 2377 2621 =

501 2645 545 2667 mai
561 2645 575 2666 il
590 2645 683 2672 giudice
697 2645 862 2672 suddelegato,
877 2646 937 2667 nella
952 2647 1064 2667 sentenza
1079 2645 1116 2667 del
1133 2646 1192 2672 1392,
1206 2646 1277 2667 abbia
1299 2647 1384 2672 potuto

503 2690 537 2711 iar
559 2691 626 2712 tanto
645 2696 701 2712 caso
724 2690 760 2712 del
783 2691 891 2712 mancato
913 2692 1055 2717 pagamento
1077 2690 1099 2712 di
1122 2691 1238 2717 qualcuno
1261 2690 1282 2712 di
1308 2691 1384 2717 questi

501 2734 564 2756 censi
581 2740 626 2756 non
641 2734 732 2761 dovuti,
748 2734 800 2756 sino
814 2734 836 2756 al
852 2735 935 2761 punto,
950 2734 980 2756 da
995 2734 1142 2756 condannare
1157 2735 1187 2761 gli
1204 2735 1328 2757 Eremitani
1338 2735 1383 2757 alla

502 2778 656 2800 restituzione
671 2778 708 2800 dei
722 2778 795 2800 tondi.

555 2822 586 2848 (2)
602 2816 619 2844 Ε
634 2823 648 2844 11
664 2822 788 2844 cardinale
803 2823 933 2845 Francesco
949 2823 1078 2850 Moricotti‚
1090 2823 1197 2845 Vescovo
1212 2823 1234 2845 dl
1247 2823 1385 2850 Palestrina,

502 2867 568 2888 detto
585 2867 623 2893 qui
640 2866 726 2888 Pisano
742 2867 826 2894 perche
841 2869 897 2890 nato
912 2874 926 2890 a
941 2868 998 2890 Vico
1013 2873 1096 2895 presso
1119 2867 1180 2889 Pisa.
1197 2867 1225 2890 Di
1241 2868 1271 2890 lui
1287 2868 1339 2890 vedi
1363 2868 1385 2890 al

502 2910 554 2932 doc.
571 2910 643 2933 dell'8
658 2912 784 2933 novembre
801 2911 859 2934 1392.

556 2955 588 2979 (3)
602 2955 696 2980 Quanto
705 2956 744 2982 qui
753 2956 902 2978 asseriscono
912 2956 942 2983 gli
954 2956 1079 2978 Eremitani
1090 2956 1102 2978 ὲ
1113 2957 1278 2979 storicamente
1293 2958 1386 2984 esaum

503 3004 516 3020 e
531 3004 556 3020 se
571 2999 623 3020 altri
639 3000 731 3021 volesse
746 3002 878 3027 appuntare
893 3001 995 3028 l'elogio,
1011 3001 1096 3023 ch'essi
1107 3001 1177 3023 fanno
1188 3001 1247 3023 dise
1258 2990 1386 3028 medeumi,

503 3048 570 3064 corne
585 3048 630 3064 una
645 3044 788 3071 vanagloria,
803 3044 959 3067 ricorderemo
983 3045 1026 3067 che
1040 3045 1061 3067 le
1083 3045 1228 3068 circostanze
1252 3046 1385 3068 rendevano

505 3087 637 3109 necessaria
652 3088 673 3109 la
689 3088 756 3114 piena
772 3089 921 3115 esposizione
935 3089 995 3111 della
1010 3090 1093 3112 verita.

558 3131 589 3156 (4)
605 3131 721 3154 Galeazzo
736 3132 840 3154 visconti
855 3133 892 3154 nel
909 3133 967 3160 1360,
991 3134 1094 3156 secondo
1115 3134 1226 3162 l'Azario,
1241 3140 1254 3157 e
1268 3135 1305 3157 nel
1328 3135 1387 3162 1362,

1439 2648 1493 2668 sato
1507 2646 1550 2668 che
1564 2646 1586 2668 la
1600 2647 1731 2673 recingeva,
1746 2646 1919 2673 comprendevu
1932 2646 1971 2669 nd
1982 2651 2028 2669 uno
2048 2647 2140 2669 interno
2153 2646 2177 2670 le
2189 2646 2274 2670 chiese
2292 2647 2318 2671 fl
2358 2643 2359 2647 ¹
2375 2672 2377 2675 Α

1440 2691 1463 2713 s.
1479 2690 1561 2718 eruce,
1576 2691 1599 2712 <u
1614 2690 1638 2713 s.
1653 2691 1754 2718 Anum,
1770 2691 1793 2713 di
1807 2691 1831 2714 s.
1847 2691 1926 2714 pietro
1941 2692 1964 2714 in
1978 2691 2027 2714 ciel
2041 2691 2116 2714 «νοω
2130 2697 2144 2714 e
2164 2691 2188 2714 ni
2208 2691 2232 2714 s.
2253 2691 2316 2715 vno.
2359 2686 2386 2694 ·’

1438 2735 1465 2758 Vi
1480 2735 1499 2757 si
1521 2735 1637 2757 accedeva
1659 2741 1701 2762 per
1714 2735 1761 2758 due
1775 2736 1841 2763 ponti
1856 2735 1952 2762 levatoi,
1966 2735 2031 2758 l'uno
2045 2736 2135 2758 situato
2156 2736 2224 2763 pochi
2246 2736 2315 2759 nem
2371 2749 2378 2771 ¹·

1438 2779 1477 2806 piu
1493 2780 1515 2801 in
1529 2779 1568 2807 giu
1583 2779 1771 2802 ‹ien'intermeria
1786 2780 1823 2807 pei
1838 2780 1919 2802 cavalli
1934 2780 1971 2802 del
1986 2780 2099 2808 presidio,
2114 2781 2192 2803 raltro
2206 2780 2230 2803 di
2239 2780 2319 2804 tro-te
2359 2774 2375 2804 T

1439 2825 1576 2846 all'odierna
1591 2825 1674 2852 piazza
1689 2824 1806 2850 Petrarca,
1823 2825 1918 2852 proprio
1932 2824 1993 2847 sulla
2007 2825 2053 2851 via,
2067 2825 2110 2846 che
2124 2825 2179 2852 oggi
2189 2825 2318 2848 conducet
2356 2817 2379 2862 ‚fl

1440 2868 1463 2891 S.
1480 2868 1566 2891 Pietro.
1583 2869 1614 2891 La
1628 2869 1748 2891 cittadella
1762 2874 1802 2891 era
1817 2869 1944 2896 presi-flata
1958 2869 1989 2891 da
1999 2874 2030 2891 un
2039 2868 2100 2891 forte
2114 2869 2198 2892 nucleo
2210 2869 2319 2898 multare,
2362 2867 2378 2901 7*

1439 2914 1467 2935 ed
1482 2919 1521 2936 era
1536 2914 1631 2941 vigilata
1645 2919 1689 2936 con
1703 2914 1784 2941 gelosa
1798 2914 1943 2940 oculatam,
1958 2913 2043 2941 perche
2056 2914 2078 2935 la
2092 2913 2150 2936 citt}
2164 2919 2194 2936 ne
2207 2915 2318 2937 teme-e.
2370 2915 2377 2924 '

1442 2957 1486 2980 Per
1501 2959 1585 2985 queste
1599 2958 1745 2980 circostanze
1767 2958 1850 2980 l'adito
1863 2958 1909 2980 alla
1923 2958 2020 2980 basilica
2034 2957 2057 2980 di
2072 2957 2096 2980 S.
2112 2958 2191 2980 Pletro
2212 2964 2259 2981 non
2278 2963 2320 2982 en
2369 2971 2371 2975 Δ

1441 3004 1508 3024 tanto
1523 3002 1589 3024 facile
1603 3003 1626 3024 al
1640 3002 1729 3030 popolo
1750 3007 1845 3030 pavese,
1866 3007 1880 3024 e
1900 3002 1980 3029 percio
1993 3002 2024 3030 gli
2046 3003 2172 3026 Eremitani
2193 3002 2320 3026 vedeumi

1440 3047 1524 3074 privati
1539 3047 1562 3068 di
1577 3047 1654 3074 quelle
1668 3047 1759 3074 offerte,
1773 3047 1816 3069 che
1830 3046 1852 3068 la
1866 3046 1931 3074 plen
1945 3046 1982 3069 dei
1996 3047 2102 3069 cittadini
2111 3047 2215 3070 avrebbe
2235 3047 2321 3075 largito

1441 3096 1455 3112 a
1470 3091 1534 3118 larga
1549 3096 1626 3113 mano.
1641 3091 1699 3113 Vedi
1713 3091 1852 3118 ΜΑΟΕΙΠΑ,
1866 3096 1904 3118 op.
1919 3091 1969 3118 cit„
1983 3091 2030 3113 vol.
2045 3091 2062 3113 1.
2078 3091 2181 3118 pag-¹1³.
