2496 3600
459 245 505 279 94

457 381 574 421 teneri,
598 380 642 415 ad
667 382 915 424 reparationem
941 381 1031 415 dicte
1056 381 1203 415 ecclesie
1227 380 1336 414 sancti
1362 379 1452 414 Petri
1477 389 1540 423 pro
1563 382 1659 423 parte
1683 389 1750 423 que
1775 380 1827 414 eis
1850 380 2002 423 contigit,
2026 381 2127 423 prout
2142 380 2176 414 in
2193 380 2286 414 dicto

458 443 639 486 privilegio
663 445 696 477 et
719 452 917 486 espressum
941 440 1004 485 (1).
1031 442 1111 476 item
1137 444 1228 485 peto,
1252 451 1294 476 eo
1323 442 1460 475 nomine
1495 451 1566 484 quo
1589 450 1706 485 supra,
1730 441 1895 476 declarari
1919 442 1963 476 de
1991 442 2229 477 benedictione
2252 443 2287 477 et

457 504 686 546 absolutione,
713 506 745 538 in
771 506 876 539 choro
901 515 963 548 pro
987 505 1106 539 divino
1130 504 1255 544 officio,
1290 503 1469 538 faciendis.
1494 503 1536 537 Et
1560 504 1713 546 predicta
1747 506 1829 547 peto
1863 504 1955 538 omni
1991 504 2079 545 iure,
2114 504 2218 538 modo
2251 505 2286 538 et

457 566 575 607 torma,
601 567 729 609 quibus
754 567 876 601 melius
900 576 1054 610 possum.
1080 566 1121 600 Et
1146 566 1224 600 inde
1249 566 1292 600 de
1317 566 1482 608 predictis
1505 565 1666 600 omnibus
1701 566 1877 608 predictus
1913 566 2073 600 dominus
2107 565 2286 601 Archidia-

457 637 567 662 conus
591 631 624 662 et
649 629 882 662 subexecutor
907 631 942 662 ut
967 637 1082 671 supra,
1107 630 1140 662 et
1164 628 1245 661 dicti
1271 626 1368 661 Prior
1391 629 1425 661 et
1449 626 1583 661 Fratres
1607 626 1749 662 Ordinis
1784 627 2043 668 Heremstarum,
2075 628 2150 662 suis
2176 628 2288 663 nomi·
2315 666 2321 669 ‚.

459 690 561 724 nibus
586 693 619 724 et
643 691 778 724 nomine
804 691 884 724 dicti
922 689 1133 730 Conventus,
1170 690 1343 723 iusserunt
1367 691 1400 723 et
1424 692 1630 733 rogaverunt
1663 690 1735 723 fieri
1771 698 1916 732 presens
1950 690 2127 733 publicum
2162 690 2287 724 instru-
2343 701 2347 710 ³

458 755 608 786 mentum
633 762 694 795 per
718 762 771 786 me
797 752 991 795 Roglerium
1017 751 1249 794 Strazapatam
1282 752 1449 785 notarium
1486 751 1738 794 infrascriptum
1767 753 1800 786 et
1824 760 1885 794 per
1920 751 2149 795 Augustinum
2185 751 2288 786 Pani·
2340 747 2376 800 {-

459 816 589 848 zarium
616 816 782 848 notarium
808 816 1010 857 papiensem
1035 817 1067 848 et
1092 824 1153 857 per
1177 814 1364 857 quemlibet
1388 816 1541 848 nostrum
1565 823 1627 857 per
1650 823 1699 855 se,
1724 815 1798 848 sive
1823 814 2022 855 comuniter,
2038 815 2113 849 sive
2134 815 2284 856 divisim,
2338 801 2375 854 ;·“’

458 877 512 910 vel
538 878 731 919 separatim.
758 876 981 911 Presentibus
1005 877 1144 910 domino
1169 876 1271 910 Petro
1295 877 1338 910 de
1363 875 1546 911 Cazabove
1564 876 1834 920 legum-doctore
1850 876 1920 910 filio
1937 877 2084 911 condam
2108 876 2284 918 Bertrami,
2331 855 2362 906 ᾸᾸ

461 939 600 972 domino
626 939 750 973 Iacobo
775 940 818 973 de
843 939 1010 982 Asgieriis
1034 939 1104 973 filio
1128 939 1257 973 domini
1283 939 1414 979 Uberti,
1439 937 1630 973 Guarnerio
1654 937 1749 973 Cane
1773 939 1844 972 filio
1868 939 2014 973 condam
2038 939 2168 973 domini
2185 938 2287 975 Ram·

459 1002 551 1043 paldi
577 1004 610 1035 et
635 1002 796 1044 lacopino
821 1002 864 1035 de
889 1001 1044 1036 Belbello
1068 1002 1139 1035 tilio
1163 1002 1310 1036 condam
1335 999 1524 1041 Castellini‚
1548 1001 1695 1035 testibus
1719 1001 1763 1035 ad
1787 1001 1941 1044 predicta
1965 1002 2108 1035 vocatis.
2323 1031 2368 1049 ,

547 1064 620 1107 Ego
645 1063 825 1107 Roglerius
850 1063 1050 1107 Strazapata
1074 1065 1117 1098 de
1141 1066 1263 1098 sancto
1288 1064 1446 1098 Euxebio
1469 1063 1561 1097 filius
1585 1063 1731 1097 condam
1754 1063 1895 1104 Zanoni,
1919 1063 2081 1106 publicus
2109 1064 2297 1107 papiensis}

459 1126 624 1168 imperiali
649 1128 850 1161 auctoritate
875 1127 1039 1167 notarius,
1064 1127 1151 1160 hanc
1177 1128 1303 1160 cartam
1329 1127 1410 1159 mihi
1434 1127 1506 1159 fieri
1531 1127 1661 1160 iussam
1685 1128 1719 1160 et
1743 1128 1894 1170 rogatam
1911 1126 2035 1160 tradidi
2059 1128 2092 1160 et
2115 1126 2250 1169 scripsi.

551 1242 651 1276 Anno
676 1253 696 1276 a
721 1243 895 1276 nativitate
921 1242 1056 1276 Domini
1084 1243 1264 1276 millesimo
1288 1243 1547 1276 trecentessimo
1572 1242 1878 1285 quinquagessimo
1906 1242 2064 1285 septimo,
2104 1242 2291 1278 indictione

458 1305 604 1345 decima,
630 1306 684 1338 die
710 1306 846 1339 veneris
871 1308 995 1339 octavo
1020 1306 1148 1339 mensis
1173 1306 1376 1345 decembris,
1402 1305 1484 1338 hora
1509 1307 1641 1345 octave,
1667 1305 1700 1338 in
1724 1305 1874 1338 claustro
1898 1305 2023 1338 domus
2047 1304 2198 1339 Fratrum
2222 1304 2293 1341 He—
2331 1299 2376 1339 ’ζῖ

465 1369 668 1408 semitarum,
693 1371 770 1411 syto
795 1369 890 1402 iuxta
915 1369 1096 1402 ecclesiam
1122 1367 1237 1402 Sancti
1263 1367 1353 1401 Petri
1379 1368 1412 1400 in
1437 1366 1522 1401 Celo
1550 1367 1664 1401 Aureo
1700 1368 1887 1410 papiensis.
1913 1367 2127 1401 Venerabilis
2151 1368 2203 1401 vir
2224 1367 2288 1402 do·

464 1431 576 1464 minus
601 1431 780 1464 Montinus
804 1432 846 1464 de
872 1431 1051 1474 Butigellis
1076 1431 1339 1464 archidiaconus
1364 1430 1541 1472 papiensis
1565 1439 1605 1463 ac
1630 1430 1863 1463 subexecutor
1885 1431 1987 1472 prout
2010 1429 2151 1463 inferius
2181 1429 2293 1465 coufi-

462 1495 568 1533 netur,
595 1494 685 1526 omni
711 1494 793 1533 iure,
830 1494 933 1526 modo
958 1496 991 1526 et
1014 1493 1122 1526 forma
1158 1493 1285 1535 quibus
1318 1493 1440 1526 melius
1475 1493 1586 1535 potuit
1609 1494 1642 1525 et
1666 1494 1790 1534 potest,
1827 1492 2013 1532 constituit,
2052 1492 2223 1527 ordinavit
2255 1485 2292 1529 et

458 1555 548 1595 fecit,
575 1565 614 1588 ac
639 1557 824 1596 constituit,
850 1557 983 1589 ordinat
1007 1558 1040 1589 et
1063 1556 1144 1589 facit
1168 1556 1394 1597 presbiterum
1420 1554 1590 1588 lacomum
1626 1553 1763 1595 Gatum,
1799 1553 2024 1600 Capellanum
2061 1555 2095 1588 in
2134 1554 2308 1604 Ecclesia⁴

460 1617 633 1659 Papiensi,
659 1627 758 1651 suum
785 1619 943 1652 nuncium
970 1618 1154 1660 specialem
1179 1618 1223 1651 ad
1247 1617 1514 1660 presentandum
1539 1626 1582 1650 ex
1608 1619 1703 1659 parte
1739 1617 1850 1659 ipsius
1873 1617 2002 1650 domini
2027 1617 2242 1652 subexecuto
2261 1617 2270 1625 “

458 1682 492 1713 et
516 1681 559 1713 ad
585 1682 782 1722 petitionem
806 1680 936 1714 >Prioris
961 1683 993 1714 et
1018 1681 1170 1714 Fratrum
1195 1678 1396 1714 Conventus
1421 1680 1545 1713 domus
1562 1679 1726 1722 predicte,
1743 1679 1929 1712 venerabili
1947 1680 2022 1712 viro
2041 1679 2182 1713 domino
2197 1677 2309 1726 fratri!

461 1743 584 1776 Iacobo
609 1743 735 1776 Abbati
761 1746 793 1776 et
817 1744 940 1776 ceteris
965 1742 1152 1776 Canonicis
1176 1743 1372 1776 monasterii
1398 1741 1513 1776 Sancti
1538 1741 1628 1775 Petri
1654 1742 1688 1775 in
1713 1740 1798 1775 Celo
1837 1751 1941 1775 aureo
1977 1741 2154 1784 papiensis
2189 1741 2292 1776 infra·-
2313 1784 2315 1786 q

459 1807 607 1848 scriptas
632 1806 771 1846 litteras,
797 1807 908 1847 ipsius
933 1806 1061 1838 domini
1087 1805 1351 1839 subexecutoris
1375 1804 1478 1847 sigilli
1504 1805 1729 1847 impressione
1755 1804 1914 1838 munitas.
1938 1803 1980 1838 Et
2011 1804 2138 1838 ibidem
2177 1804 2297 1839 dictus

461 1868 819 1911 presbiterlacomus,
845 1869 991 1901 nuncius
1017 1870 1052 1900 ut
1076 1868 1280 1910 premittitur
1303 1867 1520 1907 constitutus,
1545 1867 1668 1900 iuravit
1691 1867 1735 1901 ad
1760 1868 1879 1900 sancta
1895 1865 1959 1900 Dei
1977 1866 2166 1909 evangelia,
2182 1867 2295 1910 scrip-

461 1932 546 1964 turis
571 1940 632 1973 per
656 1940 732 1964 eum
758 1931 980 1973 corporaliter
1003 1939 1105 1963 manu
1130 1930 1241 1970 tactis,
1266 1931 1299 1963 et
1323 1930 1418 1972 prius
1443 1930 1473 1962 ei
1498 1931 1712 1964 sacramento
1744 1929 1858 1962 delato
1882 1938 1944 1971 per
1977 1929 2153 1962 dominum
2188 1929 2294 1964 sube-

462 1996 659 2027 xecutorem
685 1993 886 2035 predictum,
911 1993 1007 2035 ipsas
1032 1993 1161 2027 litteras
1185 1993 1316 2026 eisdem
1341 1992 1481 2025 domino
1505 1991 1630 2025 Abbati
1655 1993 1689 2024 et
1713 1989 1899 2025 Canonicis
1922 1991 2067 2025 fideliter
2094 1993 2292 2034 presentare

462 2058 495 2089 et
520 2056 609 2089 dicte
635 2056 899 2097 presentationis
925 2055 1129 2089 relacionem
1154 2055 1277 2095 facere,
1301 2055 1393 2088 omni
1418 2054 1499 2087 dolo
1523 2056 1556 2087 et
1580 2053 1699 2087 fraude
1735 2054 1883 2087 remotis.
1919 2052 2072 2093 Quarum
2108 2054 2293 2088 litterarum
2345 2090 2378 2104 «Α,

462 2121 560 2152 tenor
584 2119 738 2160 sequitur
763 2119 795 2150 in
821 2119 884 2151 hac
909 2118 1038 2151 forma:

553 2181 732 2214 Montinus
756 2181 799 2213 de
825 2180 1005 2223 Butigellis
1029 2180 1293 2213 archidiaconus
1318 2179 1496 2221 papiensis
1521 2181 1554 2212 et
1578 2179 1810 2212 subexecutor
1834 2179 2019 2221 deputatus
2043 2187 2063 2212 a
2079 2179 2300 2214 reverendis-—

463 2244 551 2277 simo
576 2244 609 2276 in
634 2242 772 2277 Christo
796 2245 891 2285 patre
916 2245 948 2276 et
972 2243 1111 2275 domino
1144 2243 1284 2275 domino
1323 2241 1511 2275 Bertrando
1551 2241 1768 2274 miseratione
1807 2241 1924 2274 divina
1962 2239 2086 2274 Sancte
2110 2241 2220 2275 Marie
2258 2241 2298 2275 in

464 2306 606 2348 Aquirio
631 2306 778 2339 diacono
803 2304 988 2345 Cardinali‚
1025 2305 1268 2338 archidiacono
1293 2303 1477 2346 Sygalonie
1503 2304 1536 2336 in
1561 2303 1709 2336 ecclesia
1743 2303 1982 2343 aurelianensi,
2019 2305 2203 2336 executore
2234 2303 2298 2337 de-

464 2370 583 2410 putato
607 2368 756 2410 generali
782 2367 889 2401 Priori
916 2367 1090 2400 Fratribus
1115 2369 1147 2400 et
1171 2365 1364 2400 Conventui
1391 2366 1637 2399 Heremitarum
1673 2365 1782 2398 sancti
1819 2364 2000 2407 Augustini
2025 2374 2046 2398 a
2069 2363 2305 2399 Sanctissimo¹
2343 2383 2366 2388 «

465 2431 498 2463 in
524 2429 661 2464 Christo
686 2430 785 2463 Patre
811 2433 843 2463 et
868 2430 1007 2463 domino
1032 2430 1171 2462 domino
1208 2429 1356 2461 Iohanne
1392 2428 1495 2470 digna
1531 2426 1594 2460 Dei
1631 2427 1854 2469 providencia
1889 2429 2108 2460 sacrosancte
2143 2426 2296 2463 Romane

466 2493 619 2526 Ecclesie
645 2502 779 2526 summo
805 2493 966 2535 pontifice
990 2494 1091 2534 prout
1116 2492 1149 2524 in
1175 2491 1284 2524 littera
1308 2491 1419 2532 ipsius
1444 2490 1652 2523 sanctissimi
1689 2488 1800 2522 Patris
1824 2489 1899 2522 eius
1924 2498 2004 2522 vera
2040 2489 2133 2522 bulla
2168 2489 2298 2524 bullata

467 2556 575 2589 lacius
599 2556 791 2589 continetur
815 2558 847 2589 et
872 2556 905 2588 in
930 2563 1097 2597 processu
1123 2554 1234 2596 ipsius
1259 2553 1536 2586 reverendissimi
1560 2552 1668 2594 patris
1692 2552 1820 2585 domini
1845 2551 2022 2584 Bertrandi
2046 2551 2184 2594 plenius
2214 2560 2315 2588 con»-

467 2619 602 2658 tinetur;
628 2618 815 2651 venerabili
841 2618 914 2651 viro
939 2617 1078 2650 domino
1095 2616 1188 2650 fratri
1214 2616 1338 2649 Iacobo
1362 2615 1478 2648 abbati
1504 2613 1690 2648 Canonicis
1715 2615 1748 2647 et
1771 2614 1955 2647 conventui
1990 2614 2100 2662 sancti
2136 2613 2226 2647 Petri
2261 2614 2296 2648 in

466 2678 552 2713 Celo
576 2689 680 2713 aureo
705 2681 883 2722 papiensis
908 2680 1052 2713 salutem
1078 2680 1111 2712 in
1137 2678 1295 2711 Domino.
1321 2678 1496 2711 Noveritis
1520 2677 1614 2719 quod
1639 2676 1740 2710 nobis
1764 2685 1826 2718 per
1849 2675 2080 2709 venerabilem
2105 2676 2215 2709 virum
2232 2675 2296 2710 do-

469 2742 595 2774 minum
620 2742 755 2775 fratrem
781 2742 938 2777 Rufinum
963 2742 1005 2775 de
1031 2741 1246 2784 Bassignana
1270 2741 1416 2782 priorem
1443 2741 1633 2773 conventus
1657 2739 1796 2773 fratrum
1821 2738 2058 2771 heremitarum
2082 2738 2191 2771 sancti
2227 2737 2303 2772 Au-

468 2804 594 2845 gustini
620 2804 808 2845 papiensis,
834 2804 969 2837 nomine
987 2812 1052 2837 suo
1069 2805 1102 2836 et
1127 2803 1262 2836 nomine
1288 2802 1399 2844 ipsius
1424 2803 1626 2841 conventus,
1650 2801 1713 2834 fuit
1737 2802 1876 2842 porecta
1901 2800 2020 2842 petitio
2043 2800 2172 2833 tenoris
2195 2799 2302 2833 infra—

471 2866 610 2907 scripti:

529 3023 560 3049 (l)
574 3023 610 3046 Gli
622 3023 746 3045 Eremitani
756 3029 862 3046 avevano
872 3024 1039 3051 grandemente
1049 3030 1063 3046 a
1073 3029 1145 3046 cuore
1152 3024 1175 3046 lo
1183 3023 1309 3051 splendore
1319 3023 1356 3045 del
1411 3021 1484 3044 lavori
1499 3021 1523 3043 di
1538 3022 1646 3043 restauro
1660 3025 1674 3042 e
1687 3020 1711 3042 di
1725 3019 1893 3042 abbelllmento
1906 3019 1967 3041 nella
1981 3018 2074 3046 chiesa.
2095 3018 2225 3041 chiedeudo
2245 3019 2305 3046 giu-⁷
2347 3019 2383 3037 'w

477 3067 574 3094 tempio,
594 3073 638 3089 ove
659 3067 801 3094 riposavano
816 3068 837 3090 le
852 3068 954 3095 gloriose
969 3068 1051 3091 Ceneri
1066 3068 1089 3090 dl
1104 3068 1230 3095 Agosnnoe
1243 3073 1256 3090 e
1271 3067 1359 3094 percio,
1414 3066 1531 3088 stamente
1545 3069 1726 3087 concorroesero
1740 3069 1783 3091 per
1796 3064 1818 3086 la
1832 3064 1884 3086 loro
1897 3064 1966 3091 parte
1979 3063 1986 3085 l
2002 3063 2144 3086 lateranesi.

477 3112 507 3134 ed
521 3112 544 3134 in
558 3111 704 3134 obhedienza
718 3112 739 3133 ai
755 3112 827 3134 voleri
849 3112 871 3134 di
896 3112 1010 3134 Giovanni
1033 3112 1103 3140 ΧΧΙΙ,
1127 3113 1256 3134 iniziarono
1279 3112 1360 3134 subito
