2496 3600
724 0 732 8 ”
774 0 932 15 ’“-“ῑ““””“’-“·”
949 0 979 13 *··-
1003 0 1239 23 “³-‘=T-*!‘-····‘²r‘÷·'w·’=·”·
1261 0 1322 6 ¹·
1400 0 1500 17 ''c-stu
1515 0 1872 28 ’ἴκτ;’·’,ν·ῑπ“;ῑ-“·’·ῑϊᾞ·
1903 10 1925 24 ⁸„
1947 18 1950 19 γ
1969 14 1976 20 2
2005 13 2010 19 2
2028 15 2032 21 .
2135 9 2137 11 -
2158 11 2174 23 2
2195 12 2199 14 ,

518 257 581 292 166

514 393 706 426 continetur
723 394 756 427 in
773 393 875 427 dictis
899 395 1010 436 pactis
1027 396 1059 428 et
1083 394 1379 428 conventionibus.
1406 393 1485 427 ltem
1506 396 1539 428 et
1558 394 1602 427 ad
1619 395 1855 428 dimittendum
1873 398 1906 429 et
1922 396 2158 430 relassandum
2174 406 2214 431 ac
2232 397 2337 432 libere

511 455 784 498 consignandum
810 457 896 499 ipsis
921 457 1060 490 domino
1085 456 1230 490 Abbatis
1255 458 1287 489 et
1312 454 1499 490 Canonicis
1524 458 1557 490 et
1581 454 1742 499 Capitulo
1767 457 1847 491 dicti
1873 459 2068 492 monasterii
2104 459 2258 502 predicta
2281 468 2336 494 se-

512 517 651 558 dimina,
675 518 718 551 de
742 519 869 560 quibus
895 519 927 551 in
954 519 1061 561 prima
1086 519 1255 560 peticione
1280 519 1316 551 tit
1341 519 1484 559 mencio,
1510 521 1542 552 et
1567 519 1652 553 ultra
1681 520 1756 562 ipsa
1792 520 1959 554 sedimina
1995 521 2167 563 predictas
2190 524 2337 564 quatuor

509 580 659 614 tabullas
683 581 861 615 sediminis
886 582 928 614 de
958 590 1038 623 quo,
1069 583 1103 614 ut
1128 581 1341 623 premittitur,
1367 582 1433 623 ipsi
1459 581 1592 615 Fratres
1618 590 1728 624 usque
1752 582 1795 616 ad
1821 582 1948 616 dictum
1973 583 2243 626 quinquennium
2269 585 2334 619 iam
2356 610 2362 616 .
2390 602 2406 628 >4

509 643 675 685 elapsum,
689 644 733 677 ab
758 645 843 686 ipsis
869 643 1002 677 Abbate
1026 647 1059 677 et
1084 642 1268 677 Canonicis
1293 644 1428 678 fuerunt
1452 645 1611 678 investiti.
1638 644 1678 678 Et
1702 645 1854 687 predicta
1878 646 1991 679 omnia
2015 648 2048 679 et
2071 646 2206 689 singula
2223 647 2337 682 dictus

509 703 671 739 Stefanus
695 707 788 739 dicto
814 707 948 739 nomine
973 707 1056 748 petit
1081 715 1140 748 per
1165 715 1228 739 vos
1253 706 1428 739 dominum
1453 708 1729 740 conservatorem
1766 707 1889 741 debere
1926 707 1996 741 fieri
2020 709 2213 742 ‘summarie
2237 711 2269 742 et
2292 709 2336 743 de
2387 705 2398 713 “

513 768 615 809 plano
640 769 713 801 sine
742 768 884 810 strepitu
911 771 942 801 et
966 768 1074 810 figura
1099 769 1213 802 indicii
1249 770 1281 802 et
1305 770 1395 802 omni
1422 769 1525 802 modo
1549 769 1620 802 iure
1639 770 1694 802 via
1711 771 1743 803 et
1760 769 1867 803 forma
1891 770 2018 812 quibus
2042 770 2164 804 melius
2181 772 2336 813 potestis,

507 839 583 862 cum
608 831 772 872 expensis
796 830 895 863 tactis
919 833 952 863 et
976 831 1108 870 fiendis,
1134 831 1232 864 salvo
1258 832 1328 864 iure
1352 831 1513 871 addendi,
1538 831 1725 872 minuendi,
1752 832 1917 872 mutandi,
1941 833 2132 875 corrigendi
2151 833 2280 875 pluries
2303 835 2337 868 et
2380 822 2408 829 ”

508 893 648 925 alterius
674 901 735 925 sue
753 893 934 934 peticionis
951 893 1239 935 quandocumque
1264 894 1386 927 fiende.

598 1009 631 1041 ln
658 1009 793 1042 Nomini
829 1008 965 1042 Domini
992 1009 1110 1042 Amen.
1137 1007 1260 1043 Coram
1287 1010 1387 1043 vobis
1423 1010 1611 1043 reverendo
1636 1011 1668 1043 in
1694 1008 1832 1044 Christo
1869 1012 1963 1052 patre
1987 1012 2020 1043 et
2043 1011 2183 1044 domino
2222 1010 2337 1046 Fratre

505 1070 689 1105 Guillelm3
714 1071 776 1104 Dei
803 1074 835 1105 et
859 1072 1048 1114 apostolice
1074 1071 1174 1106 Sedis
1199 1073 1306 1115 gratia
1332 1072 1507 1115 Episcopo
1532 1073 1689 1116 papiensi
1707 1074 1740 1106 et
1757 1073 1891 1113 comite,
1916 1074 2157 1107 conservatore
2175 1074 2208 1107 et
2225 1074 2337 1108 iudice

505 1143 565 1176 per
588 1133 710 1168 Sedem
735 1134 969 1176 Apostolicam
995 1135 1188 1177 specialiter
1210 1135 1374 1177 deputato
1399 1135 1535 1176 Abbati,
1560 1134 1746 1170 Canonicis
1763 1138 1796 1169 et
1813 1134 1985 1178 Capitullo
2003 1137 2196 1170 monasterii
2221 1137 2333 1171 sancti

506 1196 595 1230 Petri
621 1198 653 1229 in
679 1197 766 1230 cello
790 1206 894 1230 aureo
919 1198 1106 1239 papiensis,
1124 1207 1163 1231 ac
1181 1198 1293 1231 iudice
1319 1199 1600 1232 reconvencionis
1625 1199 1657 1231 in
1676 1199 1738 1231 hac
1755 1201 1850 1241 parte
1875 1199 2027 1240 ipsorum
2045 1199 2173 1232 domini
2191 1198 2338 1234 Abbatis

507 1262 539 1292 et
564 1258 815 1293 Canonicorum
841 1262 873 1293 et
897 1259 1058 1302 Capituli,
1083 1261 1158 1294 sive
1182 1261 1367 1294 venerabili
1394 1261 1466 1294 viro
1491 1262 1630 1294 domino
1671 1261 1817 1294 Henrico
1841 1261 1884 1294 de
1909 1260 2020 1304 Dynis
2056 1264 2171 1295 vestro
2207 1262 2336 1296 vicario
2380 1256 2415 1314 gif

508 1324 540 1355 et
565 1322 791 1364 subdelegato
816 1323 848 1355 in
875 1323 938 1356 hac
962 1325 1057 1365 parte
1082 1323 1275 1365 specialiter
1298 1324 1472 1366 deputato:
1499 1323 1666 1357 lohannes
1690 1324 1733 1357 de
1750 1322 1889 1357 Oliariis
1910 1324 2064 1357 sindicus
2081 1326 2113 1357 et
2137 1325 2336 1366 procurator
2380 1309 2385 1315 ⁴

504 1385 691 1418 sindicario
715 1387 747 1418 et
771 1386 1005 1427 procuratorio
1030 1387 1165 1419 nomine
1190 1386 1404 1419 dominorum
1430 1385 1557 1419 Prioris
1582 1388 1615 1420 et
1639 1386 1790 1420 Fratrum
1815 1385 1964 1429 Capituli
1990 1388 2023 1420 et
2047 1385 2248 1421 Conventus
2282 1396 2336 1421 or·

510 1447 600 1480 dinis
627 1447 870 1481 Heremitarum
896 1449 1004 1481 sancti
1030 1447 1212 1491 Augustini
1237 1447 1396 1482 Civitatis
1421 1448 1537 1490 Papie,
1562 1458 1582 1481 a
1606 1449 1721 1491 petitis
1746 1450 1777 1482 et
1802 1449 1989 1491 propositis
2013 1449 2098 1482 alias
2123 1458 2183 1491 per
2221 1449 2335 1492 ipsum
2381 1447 2404 1486 Ϊῑ

506 1510 599 1543 dicto
623 1511 808 1543 sindicario
849 1511 984 1544 nomine
1010 1520 1122 1544 coram
1148 1512 1248 1544 vobis
1273 1520 1333 1544 seu
1359 1511 1465 1544 altero
1505 1513 1666 1551 vestrum,
1691 1513 1807 1544 contra
1832 1514 1865 1544 et
1889 1512 2058 1545 adversus
2082 1511 2337 1556 suprascriptos
2387 1536 2402 1558 ;

506 1573 665 1606 dominos
691 1573 859 1606 Abbatem
885 1572 1081 1607 Canonicos
1106 1575 1138 1606 et
1162 1572 1358 1616 Capitulum
1384 1574 1578 1607 monasterii
1604 1575 1713 1608 sancti
1738 1573 1828 1607 Petri
1854 1575 1887 1607 in
1912 1574 2000 1608 cello
2023 1583 2140 1614 aureo,
2163 1574 2238 1608 sive
2262 1572 2338 1608 Ste-
2388 1574 2407 1623 J

505 1635 620 1668 fanum
646 1636 688 1669 de
714 1635 901 1669 Panizariis
926 1645 1043 1669 eorum
1069 1636 1238 1670 sindicum
1263 1638 1295 1669 et
1320 1638 1583 1678 procuratorem,
1608 1638 1778 1678 quatenus
1806 1637 1874 1670 sint
1898 1638 1931 1670 et
1954 1637 2079 1670 faciant
2103 1645 2143 1671 ac
2166 1636 2280 1671 faeere
2302 1638 2337 1671 et
2387 1626 2409 1658 Ῐ·

505 1698 643 1731 tendere
669 1700 878 1740 reperiantur
903 1699 935 1731 in
961 1699 1072 1741 ipsius
1097 1699 1267 1739 Iohannis,
1285 1699 1376 1732 dicto
1393 1699 1579 1732 sindicario
1596 1700 1744 1739 nomine,
1761 1687 1912 1732 favorem
1930 1701 2059 1732 tantum
2076 1701 2108 1732 et
2124 1701 2242 1733 contra
2257 1704 2343 1742 par—¹

510 1763 576 1793 tem
603 1762 796 1802 adversam,
822 1762 999 1795 discedere
1024 1762 1217 1804 aliqualiter
1234 1771 1301 1794 non
1319 1762 1510 1801 intendens,
1525 1762 1586 1795 sed
1612 1762 1699 1804 ipsis
1724 1762 1847 1804 pocius
1865 1763 1897 1794 in
1915 1764 2080 1804 quantum
2105 1763 2219 1804 potest
2242 1761 2338 1796 inhe-

509 1832 585 1856 rens
611 1826 643 1856 et
668 1825 820 1857 inherere
846 1824 976 1864 volens,
1002 1826 1034 1857 et
1059 1825 1190 1857 addens
1215 1826 1248 1857 et
1273 1824 1398 1857 addere
1423 1824 1543 1857 volens
1569 1825 1728 1866 peticioni
1754 1824 1839 1857 alias
1869 1833 1930 1866 per
1954 1825 2066 1866 ipsum
2102 1824 2194 1858 dicto
2228 1824 2338 1859 sindi-
2385 1830 2410 1867 :g

507 1887 600 1919 cario
626 1888 772 1926 nomine,
791 1897 904 1920 coram
923 1887 1023 1920 vobis
1048 1887 1187 1920 domino
1213 1887 1387 1929 Episcopo
1412 1887 1570 1929 delegato
1595 1895 1656 1920 seu
1675 1887 1803 1920 vicario
1820 1889 1853 1920 et
1870 1887 2106 1930 subdelegato,
2124 1887 2238 1920 oblate
2254 1895 2336 1921 con·

507 1950 556 1981 tra
582 1949 678 1990 ipsos
704 1950 878 1982 dominum
905 1949 1072 1982 Abbatem
1098 1948 1293 1983 Canonicos
1317 1951 1350 1982 et
1374 1948 1583 1991 Capitullum
1608 1950 1682 1982 sive
1706 1950 1832 1982 dictum
1858 1958 1973 1982 eorum
1998 1949 2179 1989 sindicum,
2202 1949 2336 1990 asserit,
2391 1960 2401 1967 ’

492 2009 620 2047 'narrat
651 2015 683 2046 et
708 2013 878 2055 proponit,
904 2021 971 2044 non
997 2013 1029 2044 in
1056 2012 1193 2045 modum
1219 2012 1384 2054 simplicis
1410 2012 1524 2051 libelli,
1549 2012 1611 2045 sed
1636 2012 1749 2054 qualis
1766 2012 1879 2054 qualis
1895 2012 2075 2054 peticionis
2099 2011 2335 2054 simplicisque

506 2077 586 2109 tacti
613 2075 815 2108 narrationis
840 2077 872 2107 et
897 2075 987 2107 omni
1014 2075 1079 2114 via,
1106 2075 1187 2114 iure,
1213 2074 1316 2106 modo
1340 2076 1372 2107 et
1395 2074 1513 2114 torma,
1539 2074 1666 2116 quibus
1702 2074 1824 2107 melius
1860 2075 1983 2116 potest,
2022 2074 2157 2116 agendo
2180 2075 2213 2107 et
2235 2082 2336 2117 agere
2390 2076 2415 2122 “ss}

508 2139 657 2172 volendo
682 2140 714 2171 et
739 2141 932 2179 presentem
966 2138 1170 2179 peticionem
1196 2138 1228 2170 in
1269 2137 1406 2179 scriptis
1442 2137 1620 2179 dirigendo
1656 2139 1772 2170 contra
1809 2138 1841 2170 et
1876 2137 2046 2170 adversus
2081 2137 2337 2180 suprascriptos

511 2202 671 2235 dominos
696 2200 874 2240 Abbatem,
901 2199 1107 2240 Canonicos,
1132 2202 1164 2233 et
1189 2198 1384 2242 Capitulum
1410 2200 1484 2233 sive
1508 2200 1636 2232 dictum
1662 2198 1837 2233 Stetanum
1866 2209 1982 2232 eorum
2007 2199 2176 2232 sindicum
2200 2201 2235 2233 et
2257 2208 2339 2242 pro-

514 2267 701 2297 curatorem
727 2265 759 2296 et
783 2265 900 2296 contra
925 2271 1177 2304 quamcumque
1203 2271 1383 2304 personam
1409 2272 1470 2304 pro
1495 2263 1581 2304 ipsis
1599 2263 1631 2295 in
1649 2262 1775 2295 iudicio
1800 2262 1972 2305 legiptime
1997 2263 2248 2304 comparentem
2273 2271 2335 2296 seu
2379 2259 2416 2304 -zj‘

512 2335 708 2368 comparere
733 2325 901 2358 volentem
927 2334 1040 2358 coram
1066 2325 1184 2357 vobis:
1199 2323 1301 2363 Quod
1326 2334 1417 2357 anno
1440 2333 1542 2358 curso
1567 2324 1747 2358 millesimo
1771 2325 2008 2357 trecentesimo
2025 2324 2199 2367 trigesimo
2215 2325 2336 2367 primo,

511 2390 680 2422 indicione
706 2388 970 2430 quintadecima,
995 2388 1050 2420 die
1075 2388 1227 2420 mercurii
1254 2388 1373 2429 quinto
1398 2389 1526 2420 mensis
1544 2387 1639 2427 lunii,
1664 2387 1824 2420 dominus
1848 2387 1950 2420 frater
1973 2385 2178 2420 Guillelmus
2194 2387 2237 2421 de
2254 2385 2338 2422 Cre—
2392 2403 2398 2408 'v

507 2462 607 2485 mona
625 2454 705 2485 tunc
723 2451 820 2484 Prior
836 2449 1015 2484 Generalis
1033 2451 1162 2483 ordinis
1181 2450 1426 2483 Heremitarum
1444 2451 1553 2483 sancti
1572 2449 1766 2492 Augustini,
1783 2459 1845 2483 nec
1864 2459 1931 2482 non
1946 2449 2079 2483 Fratres
2093 2452 2126 2483 et
2138 2447 2336 2492 Capitulum
2391 2471 2408 2499 ss

511 2516 621 2557 ipsius
646 2514 791 2547 ecclesie
816 2522 892 2546 cum
918 2513 995 2555 ipso
1020 2513 1158 2545 domino
1184 2512 1299 2545 Priore
1324 2522 1367 2545 ex
1394 2521 1460 2545 una
1485 2514 1590 2554 parte,
1615 2514 1647 2545 et
1672 2512 1878 2545 venerabilis
1903 2512 1955 2544 vir
1977 2511 2079 2545 frater
2103 2511 2233 2554 Filipus
2256 2514 2337 2547 tunc
2380 2498 2408 2545 'J

508 2578 620 2610 abbas
646 2576 840 2609 monasterii
866 2575 1039 2614 antedicti,
1054 2584 1130 2608 cum
1156 2584 1328 2607 consensu
1354 2577 1387 2607 et
1412 2575 1587 2607 voluntate
1612 2573 1864 2608 Canonicorum
1889 2574 1969 2607 dicti
1995 2575 2189 2607 monasterii
2213 2576 2247 2608 et
2270 2575 2337 2617 ipsi
2386 2615 2395 2621 .

512 2640 668 2673 canonici
695 2648 771 2672 cum
797 2647 970 2672 consensu
996 2638 1076 2670 dicti
1102 2638 1229 2670 domini
1255 2638 1401 2677 abbatis,
1427 2646 1491 2670 suo
1516 2639 1547 2670 et
1572 2638 1707 2670 nomine
1733 2637 1814 2670 dicti
1840 2637 2034 2670 monasterii
2059 2646 2103 2670 ex
2127 2637 2194 2670 alia
2218 2639 2251 2670 et
2274 2646 2337 2680 pro
2384 2636 2398 2677 ζ

510 2703 577 2736 alia
602 2705 708 2744 parte,
733 2702 775 2734 ad
802 2703 893 2734 certa
918 2703 1017 2743 pacta
1042 2702 1074 2733 et
1098 2701 1347 2733 transactiones
1372 2701 1559 2733 comuniter
1582 2702 1615 2733 et
1639 2700 1853 2733 concorditer
1887 2700 2120 2739 devenerunt,.
2142 2700 2175 2732 in
2210 2700 2339 2742 quibus

515 2765 654 2806 quidem
679 2765 790 2806 pactis
815 2767 847 2797 et
872 2763 1158 2796 conventionibus
1183 2763 1269 2795 inter
1293 2765 1405 2795 cetera
1441 2763 1632 2796 continetur
1666 2764 1804 2804 pactum
1834 2761 2038 2804 infrascripti
2075 2762 2220 2795 tenoris:
2257 2762 2337 2796 Item
2384 2771 2409 2784 ⁴⁷

512 2828 555 2860 de
580 2827 809 2869 predictorum
836 2826 981 2859 Abbatis
1005 2828 1037 2859 et
1062 2824 1313 2859 Canonicorum
1338 2825 1579 2867 predictorum,
1604 2824 1731 2858 Prioris
1767 2823 1946 2858 Generalis
1970 2826 2002 2857 et
2026 2824 2164 2857 fratrum
2201 2826 2338 2859 comuni

513 2890 696 2922 concordia
722 2890 912 2922 ordinatum
939 2891 990 2922 est
1015 2888 1107 2930 quod
1147 2888 1303 2927 ecclesia,
1329 2888 1385 2920 ubi
1423 2887 1576 2920 divinum
1608 2887 1757 2920 officium
1781 2886 2017 2926 celebrabitur,
2042 2889 2264 2920 communiter
2286 2897 2340 2922 re—
2383 2878 2406 2927 μ’

516 2952 648 2983 ticiatur
665 2954 697 2984 et
726 2952 953 2993 recoperiatur
977 2953 1012 2983 ut
1036 2950 1136 2983 fuerit
1160 2952 1364 2992 oportunum
1389 2951 1552 2992 expensis
1577 2949 1792 2988 comunibus,
1817 2949 1947 2982 scilicet
1971 2948 2116 2982 Abbatis
2141 2951 2173 2982 et
2191 2948 2340 2984 Canoni-
2388 2952 2408 2991 j

516 3022 632 3046 corum
659 3023 720 3054 pro
746 3014 923 3046 medietate
949 3016 981 3046 et
1006 3013 1157 3046 Fratrum
1183 3014 1334 3055 ipsorum
1360 3022 1421 3054 pro
1446 3013 1511 3045 alia
1536 3012 1725 3045 medietate.
1751 3010 1831 3044 ltem
1855 3010 1898 3044 de
1922 3011 2127 3052 campanilli,
2151 3014 2214 3045 etc.
2239 3014 2341 3054 prout
2378 3009 2406 3061 'er

518 3076 579 3108 hec
597 3077 629 3107 et
646 3075 711 3107 alia
730 3076 762 3107 in
781 3076 1006 3108 instrumento
1023 3076 1190 3109 dictorum
1209 3077 1384 3117 pactorum
1409 3077 1442 3107 et
1466 3074 1730 3107 conventionum
1755 3074 1874 3115 rogato
1897 3081 1998 3112 anne,
2023 3073 2204 3114 indicione,
2229 3074 2284 3108 die
2306 3075 2340 3108 et
2379 3085 2402 3111 f

521 3146 636 3170 mense
662 3138 824 3179 predictis
849 3147 910 3179 per
934 3138 1162 3180 Augustinum
1188 3137 1401 3171 Panizarium
1428 3137 1593 3170 notarium
1619 3135 1818 3178 pubblicum
1855 3135 2053 3177 papiensem
2090 3135 2197 3169 lacius
2233 3137 2344 3170 conti-
2417 3147 2420 3148 ⁷
