2496 3600
1973 242 2028 274 141

156 412 159 413 ⁷
222 362 342 408 Alata,
365 363 477 398 fratris
501 362 661 408 Symonis
685 365 728 398 de
751 362 802 406 (ln
827 364 973 407 blanco),
999 367 1112 401 fratris
1136 366 1337 401 Christofori
1362 369 1405 401 de
1429 368 1637 409 Mediolano,
1661 370 1772 403 fratris
1797 370 1965 405 Dominici
1991 374 2032 406 de

163 429 186 474 ‚J
204 422 430 471 ¹jiZ'mllasiclia,
465 425 578 459 fratris
613 425 775 469 Bertrami
801 428 843 461 de
868 429 1067 462 Mediolano
1102 431 1147 463 et.
1170 430 1283 464 fratris
1319 430 1522 482 Bertolamei
1547 432 1590 464 de
1626 429 1676 472 (in
1701 431 1846 474 bianco),
1884 436 2032 467 omnium

151 482 359 547 ’'i-‘Eanum
382 487 464 521 dicti
488 486 627 521 Ordinis
653 489 897 523 Heremitarum
922 491 964 524 de
989 495 1109 525 sancto
1134 492 1327 535 Augustino
1351 493 1394 526 de
1419 492 1527 535 Papia
1543 491 1604 535 (l).

977 702 1273 744 LXXXIV.

143 846 146 847 ⁷
310 807 555 846 Disposizioni
579 810 848 840 testamentarie
872 810 908 840 di
933 811 1087 841 Altaflex
1112 812 1156 842 de
1181 812 1342 843 Calvello
1367 822 1388 843 a
1412 813 1532 843 favore
1549 814 1606 843 del
1631 814 1814 844 Convento
1839 815 1875 845 di
1900 816 1936 846 S.
1963 817 2040 846 Mo-

155 883 160 892 2
190 861 342 896 vr«stiola.

865 961 1019 994 1387,
1047 963 1288 995 ottotore,
1316 963 1407 989 23.

775 1048 853 1074 (Arch.
869 1049 892 1071 di
907 1049 984 1077 suto,
999 1050 1089 1072 Milano
1103 1061 1129 1066 -—
1144 1050 1250 1078 Pergam.
1266 1051 1288 1073 di
1304 1051 1327 1074 S.
1343 1051 1475 1079 Agostino).

153 1250 182 1258 “
290 1231 400 1350 D
459 1179 500 1278 ΙΙΕ
524 1245 695 1286 Mercurii,
711 1246 803 1282 ‚hora
827 1248 958 1287 octave‚
984 1248 1017 1280 in
1042 1247 1159 1290 Papia,
1185 1248 1342 1282 videlicet
1366 1250 1398 1282 in
1424 1251 1606 1292 parlatorio
1629 1251 1767 1285 fratrum
1804 1253 2039 1286 heremitarum

143 1294 178 1315 '³
488 1309 531 1342 de
555 1307 680 1342 Sancta
705 1309 882 1343 Mustiolla
906 1312 1002 1352 porte
1025 1310 1227 1352 Damiani..,.
1253 1311 1399 1345 Altaflex
1423 1313 1492 1346 filia
1517 1315 1550 1346 et
1574 1314 1670 1347 heres
1706 1315 1878 1356 quondam
1912 1315 2039 1348 domini

490 1371 660 1405 Francisci
685 1373 728 1405 de
752 1370 908 1406 Calvello
932 1373 1018 1407 civis
1042 1374 1252 1416 papiensis„
1278 1384 1338 1417 per
1369 1384 1511 1417 presens
1547 1385 1646 1409 suum
1683 1378 1950 1419 nuncupativum
1990 1380 2039 1411 te-

137 1425 457 1472 {stamentum...
483 1435 516 1468 in
542 1435 659 1476 primis
683 1434 796 1477 ellegit
819 1435 1028 1477 sepulturam
1065 1445 1162 1469 suam
1187 1437 1230 1470 ad
1255 1438 1434 1470 ecclesiam
1472 1437 1623 1471 Fratrum
1657 1438 1900 1472 Heremitarum
1926 1438 2039 1473 Sancti

140 1483 192 1546 ,ῑῖγ
221 1496 402 1540 Augustini
426 1497 603 1539 papiensis
619 1494 680 1538 (2).
706 1497 786 1531 ltem
811 1498 905 1531 dedit
928 1499 961 1531 et
985 1498 1112 1541 legavit
1135 1507 1174 1532 ac
1199 1499 1257 1532 dat
1281 1501 1313 1532 et
1338 1500 1428 1542 legat
1451 1498 1611 1542 Capitulo
1627 1502 1659 1533 et
1676 1502 1857 1534 conventui
1875 1502 2040 1534 dictorum

138 1546 357 1595 ,K-—sssfratrum
381 1569 443 1602 pro
467 1559 622 1593 mercede
645 1560 757 1594 anime
781 1569 844 1594 sue
868 1562 947 1603 post
971 1570 1070 1594 suum
1095 1562 1286 1602 decessum,
1303 1562 1337 1594 in
1354 1562 1428 1596 suis
1453 1564 1484 1595 et
1508 1562 1551 1596 de
1575 1563 1648 1596 suis
1674 1563 1784 1602 bonis,
1808 1564 1957 1597 florenos
1979 1565 2042 1597 du-

135 1626 193 1667 ἦ,
220 1623 354 1656 centum
389 1623 460 1656 auri
497 1623 622 1656 boni...
659 1622 838 1656 Interfuere
874 1623 1034 1657 dominus
1068 1623 1170 1658 frater
1194 1624 1360 1658 lohannes
1385 1625 1427 1658 de
1452 1624 1656 1665 Salinbenis,
1680 1626 1782 1659 frater
1805 1626 1973 1660 Antonius
1997 1628 2039 1660 de

134 1673 170 1728 ζ
217 1683 415 1725 ottonibus,
440 1685 555 1719 Frater
578 1685 747 1719 Antonius
771 1686 814 1719 de
838 1684 1025 1729 Grugnano
1049 1687 1092 1720 de
1116 1686 1300 1727 Placentia,
1325 1687 1426 1721 frater
1449 1687 1604 1721 Andreas
1622 1688 1664 1721 de
1682 1687 1844 1730 Sycleriis
1869 1690 1960 1731 prior
1983 1698 2040 1723 su-

166 1743 173 1763 ·’
216 1748 469 1791 >pascriptorum
493 1748 643 1788 fratrum,
667 1748 769 1782 frater
793 1748 960 1782 Iohannes
985 1749 1027 1782 de
1052 1749 1301 1792 Formagiariis‚
1326 1750 1428 1783 frater
1452 1750 1617 1784 lohannes
1641 1751 1684 1784 de
1702 1749 1905 1793 Guiglentis,
1923 1761 2040 1785 omnes

219 1808 362 1844 Ordinis
386 1809 537 1844 Fratrum
563 1810 808 1845 Heremitarum
832 1812 941 1845 sancti
970 1811 1152 1855 Augustini
1177 1813 1364 1855 papiensis.

165 1860 173 1872 ⁵
308 1872 423 1907 Notar.
449 1872 640 1907 lacominus
664 1873 707 1907 de
732 1873 944 1916 imperatore.

993 2077 1263 2119 LXXXV.

307 2184 554 2223 Disposizioni
577 2186 848 2217 testamentarie
872 2186 909 2217 di
933 2187 1070 2217 Bianca
1094 2187 1131 2217 di
1155 2187 1288 2218 savoia
1321 2196 1342 2217 a
1367 2188 1490 2218 favore
1514 2188 1551 2218 di
1576 2188 1612 2218 S.
1639 2188 1826 2226 Agostino.

824 2309 981 2343 1887,
1009 2311 1355 2343 novembre,
1384 2310 1463 2336 12.

567 2396 603 2423 (C.
619 2397 803 2423 DELL'AcQUA:
819 2397 911 2421 Bianca
930 2398 1038 2421 visconti
1051 2399 1078 2421 di
1091 2398 1187 2425 Savola„
1202 2400 1248 2422 etc.
1265 2398 1344 2426 Pavin,
1360 2399 1423 2426 Fusi,
1440 2399 1499 2427 1893,
1515 2405 1568 2427 pag.
1586 2399 1690 2426 loi-loff).

484 2659 720 2701 octuagesimo
755 2658 913 2701 septimo,
949 2659 1133 2693 indictione
1169 2660 1311 2700 decima,
1337 2661 1392 2694 die
1424 2661 1550 2701 martis,
1583 2661 1787 2694 duodecimo
1824 2662 1952 2695 mensis
1977 2671 2037 2695 no-

479 2721 640 2761 vembris,
665 2721 747 2754 hora
771 2722 850 2763 post
874 2729 1047 2763 vesperas.
1072 2721 1105 2754 ln
1130 2722 1264 2756 civitate
1290 2721 1406 2764 Papie,
1431 2722 1589 2755 videlicet
1614 2723 1646 2755 in
1672 2723 1821 2764 hospitio
1845 2731 1906 2756 seu
1931 2723 2035 2756 domo

221 2783 439 2818 habitationis
462 2783 602 2817 illustris
626 2785 660 2817 et
683 2783 820 2817 excelse
844 2783 980 2817 domine
1004 2784 1139 2817 domine
1165 2783 1301 2824 Blance,
1319 2786 1381 2818 etc.
1399 2785 1580 2818 testatricis
1598 2785 1822 2828 infrascripte,
1840 2786 1872 2818 in
1890 2786 1964 2819 eius
1982 2795 2038 2819 ca-

317 2580 367 2699 I
448 2536 488 2761 ΖΝ
513 2596 647 2629 nomine
682 2594 830 2636 Domini,
867 2595 986 2630 Amen.
1023 2595 1122 2630 Anno
1146 2606 1166 2631 a
1191 2598 1365 2631 nativitate
1402 2599 1556 2631 eiusdem
1589 2598 1769 2631 millesimo
1804 2599 2040 2632 trecentesimo

177 2955 182 2960 ·
223 2942 344 2970 mendeno
357 2947 371 2966 e
383 2942 526 2966 continuatio
539 2948 584 2966 con
597 2943 650 2965 lena
663 2943 686 2965 la
700 2942 854 2965 decorazlone
862 2942 969 2965 artistica
987 2942 1024 2964 dei
1034 2941 1103 2965 Chio·
1156 2942 1200 2964 soll
1215 2943 1277 2965 tutta
1292 2943 1313 2965 la
1328 2942 1460 2966 eomunita.
1476 2943 1492 2965 11
1507 2942 1648 2966 documento
1661 2943 1682 2966 ci
1697 2943 1748 2966 dice
1762 2943 1814 2966 solo
1833 2943 1875 2965 che
1896 2944 1942 2966 essi
1964 2949 2035 2966 erano

222 2986 275 3010 affl.
289 2986 364 3014 Quale
376 2987 412 3010 ιΙι
426 2987 442 3010 ll
455 2987 545 3016 lavoro,
559 2993 574 3010 a
587 2988 624 3010 cui
639 2987 678 3010 dal
698 2987 791 3015 maggio
812 2987 835 3009 dl
857 2987 1004 3014 quest'anno
1023 2987 1101 3009 attese
1156 2986 1258 3014 presenti
1272 2987 1318 3009 alla
1332 2992 1449 3014 consegna
1463 2987 1612 3010 dell'lntlrno.
1627 2981 1646 3010 Ε
1659 2987 1712 3010 anzi
1726 2987 1756 3010 da
1771 2987 1870 3010 ritenere
1891 2988 1934 3010 che
1954 2988 1976 3010 la
1997 2994 2036 3010 co-

129 3050 147 3063 ,,
224 3031 247 3054 la
259 3031 350 3054 schiera
363 3031 400 3054 dei
415 3031 496 3060 putori
510 3033 550 3060 qui
565 3031 684 3059 ricordati,
698 3031 807 3055 muliera
822 3031 906 3059 meglio
921 3030 959 3053 dal
975 3030 1038 3053 conti
1053 3030 1100 3053 del·
1153 3029 1243 3052 munita
1257 3029 1279 3052 dl
1295 3029 1318 3053 S.
1329 3030 1444 3058 Agostino
1457 3030 1522 3053 fosse
1536 3031 1610 3054 molto
1620 3030 1660 3058 plu
1678 3036 1812 3059 numerosa,
1827 3037 1893 3054 come
1907 3031 1989 3054 risulta
2005 3032 2034 3054 da

123 3065 140 3094 k*
176 3090 178 3092 -
221 3075 305 3099 l'nnno·
315 3077 436 3105 tenuante.
451 3076 503 3100 doc.
518 3082 541 3100 n.
557 3076 695 3100 Lxxxvnl.
1149 3074 1206 3097 altri
1221 3074 1364 3097 documenti.

276 3119 310 3147 (1)
322 3120 374 3144 Non
387 3121 401 3144 ὲ
413 3121 444 3144 dn
457 3121 553 3145 credere
573 3121 616 3145 che
634 3121 712 3149 questi
734 3120 844 3149 Rellglonl
866 3125 1049 3148 componentem
1070 3119 1100 3142 da
1207 3117 1238 3146 (2)
1252 3117 1359 3142 Sebbene
1373 3119 1409 3141 nel
1423 3118 1565 3142 documento
1585 3119 1671 3142 tembri
1693 3119 1821 3147 designant
1836 3119 1858 3142 la
1873 3119 1956 3142 chiesa
1971 3119 1993 3141 dl
2009 3119 2033 3142 S.
