2496 3600
355 13 359 22 «
478 0 775 35 1·‡·.*=22’>28‘sse',*12s7÷¹.‘2>--2„⁴
803 16 830 28 Α(
854 14 879 30 ,.,
900 25 902 27 ,
957 22 964 29 ,
986 18 1020 30 Ἤ

497 246 560 280 180

582 380 692 421 Lecta,
717 380 794 421 lata,
819 382 852 414 et
869 380 902 413 in
919 380 1057 423 scriptis
1074 379 1319 414 sententialiter
1350 379 1564 422 promulgata
1579 379 1642 413 tuit
1658 380 1895 423 suprascripta
1908 380 2079 415 sententia
2102 380 2136 414 in
2152 370 2366 429 omnibus}

493 445 527 478 et
550 452 611 486 per
634 443 758 484 omnia,
783 445 819 477 ut
842 452 958 486 supra,
983 452 1043 485 per
1066 442 1337 485 suprascriptum
1363 441 1445 477 Rev.
1471 442 1504 475 in
1529 440 1667 476 Christo
1690 441 1824 477 Patrem
1849 444 1882 477 et
1905 441 1980 477 DD.
2008 441 2228 485 Gulielmum,
2251 439 2366 479 Dei

493 507 527 540 et
551 505 748 549 Apostolice
773 504 873 540 Sedis
897 506 1004 548 gratia
1030 505 1240 547 Episcopum
1265 503 1482 547 Papiensem,
1506 507 1539 539 et
1563 502 1731 539 Comitem
1766 505 2109 540 subconservatorem
2133 506 2167 540 et
2189 494 2380 556 subde-{³⁴

494 568 653 611 legatum,
679 570 714 601 ut
738 577 853 610 supra,
878 577 940 610 pro
964 567 1122 600 tribunali
1159 567 1347 607 sedentem,
1372 567 1405 600 in
1431 566 1627 610 Episcopali
1663 566 1796 601 Palatio
1830 566 1947 611 Papie,
1983 567 2060 602 loco
2090 568 2261 611 siquidem
2281 553 2369 606 df?

495 639 587 664 more
611 630 795 669 consuetis,
820 639 910 663 anno
935 629 1131 662 Nativitatis
1155 627 1292 662 Domini
1317 627 1547 670 MCCCXCll,
1572 628 1759 664 Indictione
1775 628 1848 670 XV,
1860 630 1916 664 die
1931 629 2085 671 Veneris,
2102 629 2319 667 XVlmensls

495 693 652 736 Augusti,
690 694 771 726 hora
808 692 893 731 xxi,
930 692 1148 734 presentibus
1184 693 1439 735 suprascripto:
1473 691 1620 726 Iohanne
1644 692 1687 726 de
1711 691 1850 726 Oliariis
1874 692 2020 736 syndico
2043 695 2077 727 et
2100 690 2364 746 procurator-eg.

495 756 805 800 suprascriptorum
842 754 980 794 Prioris,
1017 754 1167 788 Fratrum
1193 756 1226 788 et
1249 752 1450 788 Conventus
1486 755 1700 788 eremitarum
1725 753 1759 790 S.
1785 754 1966 798 Augustini
1992 764 2060 789 non
2088 754 2358 791 consentiente.

495 818 668 860 predictis,
694 826 810 850 eorum
836 817 1031 859 syndicario
1056 818 1089 850 et
1113 817 1347 859 procuratorio
1372 817 1518 857 nomine,
1543 817 1577 850 in
1601 819 1766 860 quantum
1791 818 1910 851 sintin
1926 818 2003 852 eius
2026 818 2263 861 preiudicium,
2286 819 2355 862 ets

496 882 689 913 reservante
715 880 781 912 sibi
806 879 898 912 dicto
923 879 1058 912 nomine
1082 879 1136 912 ius
1159 879 1356 921 appellandi
1381 880 1414 912 in
1439 879 1587 922 scriptis,
1611 881 1645 913 et
1668 879 1823 922 predicto
1846 878 2021 923 Stephano
2037 880 2182 924 syndico
2198 882 2232 915 et
2244 889 2335 924 pro-

495 944 650 975 curatore
676 942 905 983 predictorum
930 940 971 974 D.
997 941 1153 981 AbbatiS,
1178 939 1430 975 Canonicorum
1455 939 1657 976 Conventus
1681 943 1877 976 monasterii
1902 941 1936 977 8.
1961 941 2064 984 Petri,
2087 943 2181 977 dicto

495 1005 588 1038 cario
613 1007 645 1037 et
670 1004 904 1046 procuratorio
930 1004 1064 1037 nomine
1089 1004 1324 1038 consentiente
1361 1004 1536 1046 predictis,
1561 1005 1593 1038 in
1619 1005 1684 1045 his,
1719 1013 1787 1047 que
1811 1005 1879 1038 sint
1902 1005 1937 1038 in
1961 1005 2036 1039 eius
2070 1005 2164 1039 dicto
2187 999 2358 1040 nomine·

495 1066 659 1106 favorem,
684 1068 715 1099 et
741 1075 807 1099 non
833 1066 950 1099 aliter:
987 1068 1020 1099 et
1045 1066 1262 1108 presentibus
1298 1075 1361 1109 pro
1385 1066 1531 1100 testibus
1555 1065 1638 1102 Rev.
1663 1067 1697 1100 in
1722 1064 1861 1101 Christo
1895 1066 1996 1101 Patre
2019 1068 2053 1101 et
2076 1065 2152 1101 DD.
2189 1067 2293 1103 ioann

496 1128 559 1162 Dei
585 1131 617 1162 et
641 1128 841 1171 Apostolice
866 1127 967 1162 Sedis
991 1129 1099 1171 gratia
1123 1128 1298 1171 Episcopo
1323 1128 1512 1169 Vicentino,
1537 1130 1571 1162 et
1593 1129 1810 1172 sapientibus
1842 1128 1932 1163 Viris
1955 1129 2104 1164 dominis
2129 1129 2260 1164 Uberto
2281 1127 2356 1165 de'.

497 1192 743 1234 Lampugnano
768 1192 810 1224 de
836 1191 1035 1224 Mediolano
1060 1192 1184 1234 legum,
1209 1189 1410 1225 Gualterino
1433 1191 1477 1224 de
1502 1189 1620 1225 Gaciis
1643 1191 1686 1225 de
1711 1190 1820 1234 Papia
1845 1191 1866 1225 1.
1893 1191 1946 1232 U.‚
1970 1194 2004 1226 et
2028 1191 2153 1226 Iacobo
2187 1201 2232 1226 ex
2255 1186 2370 1237 0οέΐῇ

496 1255 636 1287 mitibus
669 1254 711 1287 de
747 1254 851 1287 Mede
887 1254 1011 1297 legum,
1047 1254 1247 1287 doctoribus
1282 1253 1549 1294 facondissimis,
1582 1254 1732 1288 dominis
1756 1254 1959 1297 presbytero
1983 1253 2107 1288 Iacobo
2131 1255 2174 1288 de
2206 1240 2370 1296 Nebihfi'

496 1316 677 1359 Preposito
702 1316 854 1350 Ecclesie
879 1315 912 1350 S.
939 1316 1120 1350 Michaelis
1145 1317 1282 1350 maioris
1307 1316 1425 1359 Papie‚
1450 1317 1640 1359 presbitero
1665 1316 1788 1350 Iacobo
1805 1317 1848 1350 de
1864 1316 2034 1351 Berneriis
2051 1317 2230 1360 capellano
2245 1315 2372 1352 dicu>

496 1379 538 1412 D.
564 1379 739 1422 Episcopi,
765 1381 796 1412 et
821 1379 1075 1413 Francischollo
1110 1380 1153 1413 de
1189 1379 1305 1427 Brivio
1340 1377 1553 1414 Canzellario
1590 1380 1710 1422 prefati
1735 1378 1777 1422 D.
1803 1379 1979 1422 Episcopi,
2003 1381 2037 1414 et
2069 1379 2262 1415 Marchollo
2283 1380 2340 1416 de

497 1442 610 1476 Marta
635 1442 907 1476 Mediolanensis
932 1442 1081 1476 diocesis
1105 1442 1266 1482 Notariis,
1291 1444 1324 1475 et
1349 1442 1463 1476 multis
1487 1442 1564 1476 aliis
1588 1442 1735 1476 testibus
1759 1442 1802 1476 ad
1828 1443 1995 1485 premissa
2031 1443 2164 1476 vocatis
2194 1435 2370 1490 speciae-'ff

500 1505 584 1545 liter,
610 1507 643 1538 et
669 1506 806 1547 rogatis.
1583 1497 1586 1500 ’
2348 1499 2350 1501 ’

589 1568 661 1610 Ego
687 1568 900 1601 Marchollus
925 1568 967 1601 de
993 1568 1103 1601 Marta
1129 1568 1171 1601 de
1196 1567 1331 1601 Varisio
1355 1567 1628 1601 Mediolanensis
1651 1568 1803 1602 diocesis
1828 1568 1988 1610 publicus
2020 1567 2187 1611 imperiali
2210 1569 2370 1617 aucto-2³

498 1631 595 1664 ritate
620 1632 772 1664 notarius
798 1633 916 1674 rogatu
942 1630 1118 1664 Albertolli
1144 1631 1186 1664 de
1212 1629 1330 1664 Griifis
1355 1631 1475 1664 notarii
1501 1630 1705 1673 infrascripti
1731 1631 1805 1677 hoc
1820 1639 1963 1673 presens
1977 1631 2236 1665 instrumentum
2250 1631 2376 1675 sen-2212,

498 1693 608 1726 tencie
634 1693 666 1725 in
693 1694 758 1726 hiis
783 1694 901 1726 decem
927 1695 959 1726 et
984 1695 1061 1726 octo
1086 1693 1293 1726 membranis
1318 1695 1513 1735 computata
1537 1693 1686 1735 presenti
1711 1693 1835 1735 scripsi
1849 1701 1924 1726 cum
1941 1693 2166 1736 apposicione
2190 1693 2256 1727 mei
2270 1682 2369 1743 804²

500 1755 547 1788 liti
574 1756 662 1799 signi
688 1757 720 1788 in
746 1756 976 1789 testimonium
1003 1756 1258 1798 premissorum.

589 1818 662 1861 Ego
688 1818 883 1851 Albertolus
908 1819 950 1851 de
976 1817 1093 1852 Griitis
1118 1818 1160 1852 de
1185 1818 1320 1852 Varisio
1344 1818 1496 1852 diocesis
1521 1818 1660 1852 Mediol.
1686 1818 1846 1861 publicus
1882 1817 2083 1861 Apostolica
2105 1820 2139 1852 et
2162 1816 2331 1861 imperiali

497 1881 757 1915 auctoritatibus
782 1881 965 1914 Notarius:
999 1881 1189 1923 prefatique
1214 1881 1390 1914 reverendi
1416 1881 1449 1914 in
1474 1879 1613 1915 Christo
1630 1880 1742 1915 Patris
1765 1883 1799 1915 et
1822 1880 1897 1915 DD.
1915 1881 2042 1915 Fratris
2073 1879 2248 1915 Guillelmi
2263 1870 2382 1915 Deff

499 1945 614 1986 gracia
639 1943 802 1985 Episcopi
828 1942 1011 1985 Papiensis
1035 1946 1067 1976 et
1093 1941 1238 1977 Comitis
1262 1936 1477 1986 subdele'gati
1503 1945 1539 1977 ut
1562 1952 1668 1985 supra
1692 1944 1897 1977 secretarius
1921 1945 1955 1977 et
1978 1943 2080 1977 liuius
2096 1951 2202 1977 cause
2216 1939 2370 1978 scriba

499 2015 561 2039 seu
588 2006 739 2039 notarius
765 2006 945 2047 premissis
970 2006 1130 2039 omnibus
1155 2007 1188 2039 et
1212 2005 1359 2048 singulis
1383 2005 1464 2038 dum
1489 2006 1539 2039 sic
1565 2007 1601 2039 ut
1625 2006 1828 2048 premittitur
1858 2007 2039 2049 agerentur
2061 1992 2129 2039 una
2152 1992 2394 2048 σαπρῶν-’Ἃ

501 2069 683 2101 nominatis
719 2068 866 2101 testibus
902 2077 1046 2110 presens
1080 2068 1140 2108 fui,
1165 2077 1275 2110 eaque
1299 2069 1349 2101 sic
1373 2069 1444 2101 fieri
1482 2068 1552 2101 vidi
1577 2070 1611 2101 et
1634 2068 1762 2108 audivi,
1786 2070 1820 2101 et
1845 2068 1924 2102 inde
1947 2069 2088 2111 rogatus
2111 2055 2177 2102 lioc
2205 2067 2379 2103 instru-

500 2132 650 2164 mentum
687 2131 889 2172 prolationis
926 2131 1092 2164 sententie
1127 2131 1263 2170 tradidi,
1299 2131 1474 2173 publicavi
1499 2132 1533 2164 et
1557 2130 1747 2173 registravi,
1783 2130 1930 2173 aliisque
1960 2132 2149 2173 occupatus
2183 2117 2394 2181 negotist?

501 2203 562 2235 per
586 2193 689 2226 alium
714 2193 846 2226 scilicet
871 2194 1143 2235 suprascriptum
1169 2193 1420 2226 Marcholinum
1446 2194 1479 2226 in
1504 2193 1591 2226 hanc
1617 2193 1791 2235 publicam
1827 2193 1970 2226 formam
2006 2193 2146 2236 reddegi
2170 2194 2204 2226 et
2226 2192 2383 2230 scribi

499 2256 565 2289 feci
591 2255 745 2297 illudque
770 2256 975 2298 subscripsi,
1001 2265 1112 2289 meum
1138 2256 1276 2289 solitum
1301 2257 1436 2298 signum
1461 2264 1640 2298 apponens
1665 2256 1699 2288 in
1724 2256 1955 2289 testimonium
1980 2255 2236 2298 premissorum.
2348 2246 2349 2249 ¹
2370 2247 2378 2256 ²
