2496 3600
541 0 687 22 ”fe‘ffsffflb‘Z-'ffl
709 15 714 18 ,

576 27 578 29 ,
649 18 663 30 ⁴.·
687 21 713 30 ‘w

473 237 517 272 76

1259 477 1514 521 XXXIV.

557 587 664 617 Frate
689 586 890 624 Guglielmo
915 586 961 617 da
986 586 1161 617 Cremona
1185 586 1510 628 PrioreGener-ale
1533 587 1652 619 riceve
1675 587 1908 625 ness'Ordine,
1926 596 2029 620 come
2045 588 2301 628 §peomne-'rte

474 651 489 664 «
513 640 678 670 dedicato
702 655 715 668 »
747 640 805 670 del
830 640 1012 670 convento
1037 639 1074 670 di
1099 640 1135 670 S.
1161 639 1338 678 Agostino
1363 640 1400 671 di
1423 640 1551 678 Pavia,
1580 640 1607 671 il
1635 641 1754 672 nobile
1782 641 1908 673 Marco
1932 641 1977 673 de
2001 641 2100 674 Fano
2128 641 2166 673 di
2192 642 2315 682 Aquin-

469 693 550 726 leia.

1170 798 1326 832 1339,
1343 799 1531 832 aprile
1549 799 1603 826 ¹2.

1021 885 1128 911 (Archiv.
1143 885 1166 908 dl
1181 885 1259 914 Statu,
1274 886 1363 909 Milano
1376 898 1404 902 —
1419 886 1525 914 Pergam.
1541 887 1564 909 dl
1579 886 1603 910 S.
1618 886 1751 915 nostine).

571 1071 662 1188 Α
715 1023 800 1115 J1³1No
825 1091 844 1115 a
869 1082 1044 1116 nativitate
1070 1081 1207 1116 Domini
1233 1083 1416 1117 millesimo
1440 1084 1671 1118 tricentesimo
1694 1084 1875 1127 trigeximo
1892 1093 1994 1125 nono,
2011 1084 2196 1118 indictione
2218 1079 2304 1132 sep?-

486 1142 488 1170 i
546 1151 582 1187 L
714 1123 717 1203 f
743 1146 835 1185 tima,
853 1145 908 1178 die
926 1145 1088 1178 Mercurii
1114 1146 1263 1188 septimo
1288 1146 1416 1179 mensis
1441 1146 1571 1189 aprilis,
1596 1147 1679 1180 hora
1703 1146 1818 1181 circha
1842 1155 1979 1187 nonam,
2004 1147 2038 1180 in
2062 1146 2200 1181 civitate
2238 1143 2292 1194 P

486 1185 716 1248 i——ffll
744 1209 810 1251 pie,
836 1209 868 1240 in
894 1207 996 1241 Porta
1020 1207 1159 1248 Palacii,
1185 1209 1217 1241 in
1243 1209 1399 1242 sacristia
1424 1208 1575 1242 Fratrum
1602 1208 1847 1243 Heremitarum
1882 1207 2023 1243 Ordinis
2047 1210 2080 1243 et
2103 1198 2312 1258 Convenitur}

470 1270 585 1304 Sancti
622 1270 806 1314 Augustini
843 1271 1031 1312 papiensis.
1065 1268 1275 1304 Convocatis
1311 1271 1464 1305 collectis
1489 1273 1522 1305 et
1546 1272 1764 1315 congregatis
1795 1271 1922 1305 ibidem
1958 1271 2002 1305 ad
2038 1270 2237 1314 capitulum,
2259 1269 2319 1318 ‘¹9³

471 1334 631 1367 mandato
671 1333 876 1375 infrascripti
909 1333 1036 1365 domini
1077 1332 1205 1366 Prioris
1241 1331 1420 1367 Generalis
1444 1331 1507 1375 (1),
1544 1334 1587 1367 ad
1623 1342 1746 1367 sonum
1783 1333 1994 1376 campanelle
2031 1334 2067 1367 ut
2101 1333 2206 1368 moris
2239 1332 2310 1378 ed,

471 1406 532 1438 pro
558 1396 774 1438 infrascripto
799 1396 936 1438 negotio
966 1395 1161 1438 specialiter
1185 1396 1423 1438 pertractando
1451 1398 1484 1430 et
1512 1396 1732 1439 perficiendo,
1761 1396 1986 1439 infrascriptis
2009 1395 2183 1430 Fratribus
2213 1392 2309 1432 cona·-

472 1459 691 1492 ventualibus
716 1459 796 1492 dicti
823 1460 1014 1491 conventus
1039 1459 1072 1491 et
1097 1451 1223 1491 ibidem
1249 1459 1443 1492 continuam
1470 1459 1695 1492 residenciam
1719 1458 1936 1499 facientibus,
1960 1460 1995 1492 et
2009 1459 2068 1501 qui
2085 1447 2316 1506 suntpluiiesfir

471 1530 572 1562 quam
598 1521 664 1554 due
690 1523 804 1563 partes
830 1520 981 1554 Fratrum
1006 1518 1292 1554 Conventualium
1318 1521 1399 1554 dicti
1428 1519 1640 1561 Conventus,
1677 1521 1848 1561 videlicet,
1882 1521 1983 1554 fratre
2020 1520 2233 1570 Francischov
2259 1525 2260 1528 ’

472 1582 572 1616 Senis
598 1583 713 1616 Priore
739 1583 819 1616 dicti
845 1581 1062 1623 Conventus,
1087 1582 1188 1616 fratre
1213 1583 1368 1626 Nycolao
1393 1583 1436 1616 de
1461 1582 1630 1617 Cremona
1654 1583 1846 1626 subpriore,
1870 1583 1971 1617 fratre
1996 1582 2120 1626 Egidio
2143 1583 2186 1618 de
2217 1579 2248 1619 C

472 1648 552 1678 tona
577 1643 640 1686 (2),
664 1646 764 1678 fratre
791 1645 920 1679 Uberto
945 1645 987 1678 de
1014 1643 1141 1685 Casali‚
1167 1645 1363 1686 lectoribus,
1399 1645 1499 1679 fratre
1535 1645 1637 1679 Petro
1661 1645 1704 1679 de
1729 1644 1840 1686 Senis,
1875 1645 1976 1679 fratre
2013 1645 2138 1679 Iacobo
2161 1644 2205 1679 de

472 1708 572 1741 fratre
598 1708 739 1741 Matheo
764 1708 806 1741 de
832 1707 949 1747 Roma,
974 1707 1074 1741 fratre
1093 1706 1277 1741 Guillelmo
1294 1708 1336 1741 de
1354 1707 1530 1748 Vercellis,
1554 1708 1656 1741 fratre
1673 1708 1821 1742 Iohanne
1838 1708 1882 1741 de
1899 1706 2060 1748 Cortona,
2090 1707 2192 1742 fratre
2224 1711 2240 1736 Ο
2271 1694 2273 1696 ¹

473 1771 569 1812 gorio
594 1771 636 1803 de
662 1769 831 1803 Cremona
855 1767 917 1811 (3),
942 1770 1042 1803 fratre
1068 1769 1261 1812 Augustino
1286 1770 1328 1803 de
1353 1769 1464 1810 Senis,
1489 1770 1590 1804 fratre
1614 1769 1716 1804 Petro
1740 1771 1783 1804 de
1808 1769 1908 1804 Senis
1932 1771 1966 1804 et
1987 1769 2089 1804 fratre
2116 1759 2307 1811 Laurenti&

474 1833 516 1865 de
542 1832 650 1874 Papia
674 1830 737 1874 (4),
762 1833 922 1865 omnibus
947 1832 1122 1865 Fratribus
1146 1832 1314 1874 professis
1339 1832 1419 1865 dicti
1445 1831 1586 1866 Ordinis
1610 1834 1644 1866 et
1668 1833 1749 1866 dicti
1778 1833 1970 1866 conventus
2001 1829 2292 1871 conventualibus

474 1895 600 1928 nobilis
625 1896 677 1928 vir
701 1896 861 1928 dominus
887 1895 1051 1928 Marchus
1077 1895 1119 1928 de
1145 1895 1248 1935 Fano,
1274 1896 1361 1928 civis
1386 1897 1418 1928 et
1442 1895 1612 1928 habitator
1636 1894 1912 1938 Aequilegiensis
1940 1892 2004 1937 (5),
2039 1895 2187 1929 devotus
2209 1903 2232 1928 a

474 1960 612 1991 venture
639 1967 701 1991 sua
726 1957 1007 1991 excellentissimi
1032 1960 1064 1991 et
1100 1958 1377 1991 reverendissimi
1417 1958 1569 1991 doctoris
1604 1956 1719 1991 Sancti
1755 1957 1937 2001 Augustini
1961 1959 1995 1991 et
2017 1958 2130 1991 tocius
2165 1955 2326 2001 omium,

475 2020 626 2053 Fratrum
653 2020 898 2053 Heremitarum
924 2021 1090 2060 eiusdem,
1116 2020 1340 2053 considerans
1365 2022 1398 2053 et
1421 2020 1602 2054 attendens
1627 2021 1720 2062 quod
1745 2029 1889 2062 presens
1913 2021 1983 2054 vita
1999 2019 2183 2054 cuiuslibet
2197 2008 2309 2061 homi}-

475 2083 528 2115 nis
546 2085 598 2116 est
616 2083 708 2115 velut
733 2092 841 2124 vapor
857 2083 900 2115 ad
919 2083 1090 2115 modicum
1116 2091 1251 2124 parens,
1269 2084 1302 2115 et
1318 2083 1411 2125 quod
1429 2083 1474 2115 hii
1492 2082 1556 2116 soli
1575 2083 1690 2116 vivere
1708 2085 1740 2116 et
1758 2091 1898 2125 regnare
1923 2082 2082 2116 videntur
2104 2083 2138 2115 et
2164 2090 2200 2116 re
2208 2095 2217 2120 ;
2233 2097 2238 2110 2

475 2146 532 2187 qui
552 2146 584 2177 in
603 2144 751 2178 Domino
768 2146 849 2178 totis
867 2146 998 2178 viribus
1015 2145 1230 2178 famulantur:
1249 2145 1284 2178 ld
1303 2145 1418 2178 circho
1436 2145 1526 2178 idem
1544 2145 1704 2178 dominus
1729 2145 1904 2194 Marchus,
1926 2154 2041 2178 coram
2058 2146 2092 2178 et
2108 2144 2142 2178 in
2165 2142 2322 2192 pressei&

475 2209 527 2241 cia
546 2208 752 2240 venerabilis
770 2210 803 2240 et
820 2207 970 2250 religiosi
989 2208 1051 2240 viri
1070 2209 1102 2241 et
1119 2208 1227 2249 patris
1244 2207 1372 2240 domini
1390 2207 1516 2240 Fratris
1533 2205 1706 2240 Guillelmi
1725 2207 1767 2240 de
1785 2205 1966 2247 Cremona,
1982 2215 2079 2240 sacre
2103 2206 2229 2250 pagine
2250 2196 2299 2259 Χ,ᾗ

473 2271 631 2313 gnissimi
658 2270 878 2312 professoris,
904 2270 1032 2303 Prioris
1059 2269 1238 2303 Generalis
1264 2269 1406 2303 Ordinis
1430 2269 1582 2303 Fratrum
1608 2269 1854 2303 Heremitarum
1879 2268 1995 2303 Sancti
2024 2268 2218 2312 Augustini,
2285 2311 2290 2317 ,

476 2335 553 2366 vote
578 2333 692 2366 flessis
718 2333 865 2375 genibus
890 2333 1108 2372 constitutus,
1134 2333 1178 2365 ab
1203 2332 1323 2365 eodem
1349 2332 1488 2364 domino
1513 2330 1672 2365 Generali
1709 2331 1826 2365 Priore
1861 2331 2031 2365 humiliter
2065 2328 2274 2381 suplicavitg

476 2396 623 2437 suplicat
647 2397 827 2437 quatenus,
852 2405 929 2428 cum
956 2396 1030 2437 ipse
1055 2395 1214 2428 dominus
1239 2395 1405 2428 Marchus
1430 2395 1524 2427 vellit
1548 2396 1580 2428 et
1605 2395 1766 2435 intendat,
1792 2395 1824 2427 in
1850 2394 2035 2428 remedium
2059 2402 2198 2427 suorum
2224 2390 2314 2437 ρων

476 2461 627 2491 catorum
653 2460 686 2491 et
710 2459 823 2491 anime
848 2467 910 2491 sue
936 2457 1135 2500 sufragium,
1160 2459 1333 2499 tamquam
1359 2457 1539 2490 dedicatus
1563 2457 1630 2499 ipsi
1655 2455 1787 2496 Ordini,
1811 2457 1845 2490 et
1869 2456 2064 2499 specialiter
2087 2456 2180 2489 dicto
2214 2453 2244 2490 C

534 2614 564 2639 (1)
579 2609 596 2636 Ε
607 2615 682 2642 degna
693 2615 715 2637 di
726 2616 782 2637 nota
792 2616 814 2637 la
830 2620 943 2642 presenza
954 2615 991 2636 del
1002 2614 1115 2637 Generale
1133 2614 1263 2642 Guglielmo
1274 2614 1303 2636 da
1314 2614 1368 2637 Cre-
1422 2614 1527 2637 Visconti
1542 2619 1555 2636 e
1569 2619 1583 2636 a
1599 2614 1699 2641 Princlpi
1714 2619 1728 2636 e
1741 2613 1842 2637 vescovi
1857 2613 1880 2636 di
1895 2613 2027 2636 Germania.
2038 2613 2099 2636 Mori
2114 2613 2150 2636 nel
2166 2613 2225 2637 ixi.
2238 2613 2304 2645 Lng-

482 2665 550 2680 mona
564 2665 578 2680 a
593 2658 616 2681 S.
633 2659 711 2682 Pietro
726 2660 749 2681 in
764 2659 812 2682 Ciel
827 2660 907 2682 d'oro.
932 2659 975 2682 Cio
989 2659 1104 2681 dimostra
1119 2660 1161 2681 che
1175 2665 1222 2681 non
1236 2665 1329 2686 appena
1343 2659 1365 2681 le

481 2709 536 2725 cure
551 2704 659 2726 dell’alro
681 2710 725 2726 suo
746 2704 826 2726 uflicio
847 2705 892 2731 glie
906 2705 929 2726 lo
945 2705 1130 2732 permettevano,
1152 2704 1196 2731 egli
1211 2709 1336 2726 accorreva
1350 2709 1365 2726 a

482 2747 561 2774 Pavia,
577 2747 637 2770 dove
651 2754 725 2770 aveva
747 2749 811 2771 tutto
833 2749 847 2770 il
863 2754 907 2771 suo
928 2754 1007 2771 cuore.
1030 2742 1049 2770 Ε
1068 2754 1112 2776 pur
1133 2748 1243 2770 notevole
1257 2748 1280 2770 la
1294 2748 1367 2770 circo-

482 2793 565 2813 stanza
580 2793 622 2814 che
643 2792 739 2814 all'atto
761 2793 783 2814 di
806 2793 957 2815 dedicazione
978 2793 1075 2815 insieme
1096 2793 1118 2815 al
1140 2793 1248 2820 generale
1269 2792 1298 2815 ed
1319 2793 1364 2815 alla

482 2841 526 2857 sua
541 2835 665 2858 Comunita
679 2837 861 2859 intervenissero
875 2837 989 2859 l'Abbate
1004 2837 1034 2859 ed
1043 2843 1075 2859 un
1085 2837 1203 2860 canonico
1218 2837 1367 2864 Lateranese,

482 2884 555 2906 segno
571 2879 631 2901 della
646 2881 727 2902 mutua
742 2881 848 2902 amicizia
863 2887 876 2903 e
891 2881 970 2903 buona
984 2881 1140 2908 intelligenza.

536 2923 567 2949 (2)
581 2917 599 2945 F.
614 2929 657 2945 con
672 2925 734 2946 tutta
750 2925 892 2951 probabilita
906 2925 967 2947 frate
982 2925 1064 2953 Egidlo
1079 2925 1109 2948 de
1123 2925 1182 2948 Boni
1203 2925 1234 2947 da
1255 2924 1367 2952 Cortona,

483 2967 594 2989 letterato
609 2973 621 2989 e
636 2968 731 2995 teologo
746 2968 844 2996 insigne,
859 2969 902 2991 che
916 2970 953 2991 nel
969 2970 1022 2992 1348
1035 2969 1059 2991 fu
1070 2969 1100 2992 da
1115 2969 1235 2992 Clemente
1249 2970 1279 2992 V1
1289 2970 1369 2992 creato

483 3011 591 3033 Vescovo
607 3011 629 3033 di
644 3012 753 3034 Vicenza.
769 3012 811 3034 Nel
827 3013 914 3036 1355111
924 3013 1036 3036 mandato
1047 3013 1102 3036 dall'
1110 3014 1252 3041 imperatore
1261 3013 1331 3036 carlo
1338 3013 1368 3036 lv

484 3060 528 3076 suo
543 3055 714 3078 ambasciatore
734 3056 780 3078 alla
802 3057 939 3083 repubbllca
960 3057 983 3079 di
1007 3057 1074 3085 Pisa;
1090 3064 1103 3080 e
1117 3058 1140 3080 di
1155 3058 1187 3080 lul
1208 3058 1228 3080 si
1243 3058 1367 3080 ricordano

483 3100 556 3121 anche
571 3100 630 3121 altre
644 3100 796 3128 ambascerle,
811 3101 862 3123 cioe
876 3106 890 3123 a
906 3101 971 3129 Luigl
986 3102 995 3124 1
1009 3107 1035 3124 re
1049 3102 1206 3130 d’Ungheria,
1227 3108 1241 3125 a
1260 3102 1369 3125 Bernabo

1419 2662 1485 2686 Tem„
1500 2659 1582 2681 Eremi
1595 2658 1686 2681 Sacrae
1698 2658 1767 2686 Aug„
1782 2659 1844 2686 part.
1860 2658 1876 2686 l,
1891 2663 1946 2686 pag.
1963 2657 2007 2680 lm.

1472 2703 1503 2729 (3)
1519 2697 1538 2725 Ε
1552 2703 1670 2725 rit-,ornato
1684 2703 1723 2725 dai
1737 2703 1823 2726 'rorem
1836 2702 1871 2725 rra
1885 2703 1917 2730 gu
1931 2703 2034 2725 sermon
2048 2703 2090 2725 ene
2099 2702 2184 2725 §urano
2193 2702 2217 2725 di
2226 2702 2303 2727 inm

1420 2747 1450 2770 ed
1465 2753 1538 2770 onore
1551 2747 1693 2770 an'onflne.
1708 2747 1826 2775 romu,
1841 2747 1869 2775 v,
1883 2747 1931 2770 618.
2287 2739 2296 2781 g

1472 2793 1504 2819 (4)
1518 2786 1536 2814 ὲ
1549 2792 1610 2814 frate
1625 2792 1730 2814 Lorenzo
1744 2791 1834 2819 Siclerl,
1849 2790 1872 2814 di
1886 2792 1923 2814 cul
1937 2791 1952 2814 e
1965 2797 2039 2814 cenno
2053 2791 2090 2813 nel
2105 2791 2158 2814 doc.
2177 2797 2200 2814 ιι.
2214 2783 2284 2815 Χινζ

1478 2837 1508 2863 (5)
1523 2835 1613 2864 L’atto,
1627 2836 1665 2859 col
1684 2836 1754 2863 quale
1768 2837 1854 2863 questo
1861 2836 1939 2858 nobile
1945 2835 2079 2863 Aquilelese
2095 2836 2178 2858 dedica
2187 2836 2306 2870 sem

1419 2887 1432 2903 e
1447 2882 1510 2903 tutta
1524 2881 1546 2903 la
1560 2886 1604 2903 sua
1618 2880 1713 2903 tortum
1726 2880 1750 2903 al
1763 2880 1886 2903 convento
1900 2879 1956 2903 dis.
1964 2880 2088 2908 Agostino,
2102 2885 2143 2903 en
2156 2885 2213 2903 oon
2222 2885 2238 2903 ι
2247 2876 2309 2908 qd

1422 2926 1503 2952 tempo
1517 2931 1564 2947 non
1578 2925 1736 2952 infrequente;
1751 2924 1835 2952 poiche
1848 2924 1869 2947 si
1882 2924 1960 2947 hanno
1974 2924 2093 2947 numerosi
2107 2923 2304 2952 docuinam&

1422 2970 1543 2992 attestano
1558 2969 1601 2991 che
1615 2969 1689 2996 molti,
1704 2974 1747 2996 per
1759 2968 1848 2996 goder-e
1861 2968 1899 2990 del
1913 2968 1966 2990 beni
1980 2974 1994 2990 e
2008 2968 2045 2991 dei
2059 2968 2165 2996 privilegi
2186 2967 2303 2996 spirim

1422 3013 1446 3035 in
1460 3013 1508 3035 vita
1523 3018 1536 3035 e
1551 3012 1614 3040 dopo
1629 3013 1712 3040 morte.
1734 3012 1863 3035 offerlmo
1876 3011 1903 3034 se
1916 3017 1930 3034 e
1943 3012 1966 3035 le
1979 3011 2030 3034 loro
2050 3013 2162 3035 somnne
2174 3017 2189 3034 ι
2203 3012 2304 3040 qualche

1421 3057 1506 3081 chiesa
1520 3063 1535 3080 o
1550 3058 1693 3084 monastero,
1707 3062 1721 3079 e
1734 3057 1755 3079 si
1769 3057 1921 3080 chramnum
1935 3056 2043 3080 dedicati
2055 3062 2070 3079 ο
2084 3057 2199 3080 conversi.
2346 3051 2348 3054 ’
2371 3049 2374 3051 ’
