2496 3600
1266 458 1520 501 XXVIII

571 568 601 599 11
625 568 789 608 Capitolo
812 569 977 607 generale
1001 569 1038 600 di
1062 569 1199 600 Grasee
1234 578 1392 610 approva
1416 569 1448 602 le
1472 569 1706 601 conventioni
1728 569 1788 609 gia
1811 570 1972 604 stabilite
2006 571 2091 603 dall·
2103 571 2236 604 Ordine
2250 572 2311 607 eoi

481 621 651 653 Canonici
675 623 886 653 Later-anesi
910 623 947 653 di
971 623 1007 654 S.
1034 622 1155 654 Pietro
1179 623 1216 653 in
1239 623 1316 654 ciel
1339 623 1374 654 d·
1386 631 1450 654 oro
1466 620 1529 665 (1).
2360 625 2382 639 ‘³‘

1126 746 1285 780 1836,
1314 745 1554 781 cluant),
1584 747 1664 774 1⁸3.

948 833 1067 860 (Archivio
1081 834 1104 857 di
1119 833 1196 862 Stato,
1210 834 1300 858 Miuno
1313 845 1341 850 ——
1355 834 1462 863 Pei-um.
1476 834 1500 857 dl
1513 834 1539 858 8.
1554 835 1634 859 Pietro
1647 835 1671 859 in
1685 835 1735 860 ciel
1748 835 1839 863 d'oro).

583 1018 633 1136 I
726 1037 751 1065 N
774 1032 920 1066 Nomine
944 1032 1081 1066 Domini
1106 1033 1222 1067 Nostri
1247 1033 1347 1067 ihesu
1371 1032 1497 1068 Christi
1523 1033 1642 1068 Amen.
1667 1033 1767 1068 Anno
1791 1033 2035 1069 incarnationis
2058 1035 2212 1070 eiusdem
2228 1034 2311 1073 Mit-

748 1095 868 1129 lesimo
892 1096 1122 1130 tricentesimo
1150 1095 1285 1145 XXXV,
1321 1097 1485 1131 inditione
1510 1096 1562 1140 11J,
1598 1106 1716 1131 mense
1752 1096 1847 1138 lunii,
1882 1097 1938 1131 die
1963 1096 2061 1141 an,·
2082 1094 2386 1138 Pontificatum,

747 1156 961 1191 Sanctissimi
986 1159 1020 1191 in
1044 1157 1181 1192 Christo
1220 1159 1327 1202 patris
1351 1161 1384 1193 et
1407 1157 1535 1193 domini
1571 1159 1699 1193 domini
1735 1158 1911 1194 Benedicti
1943 1160 2061 1194 divina
2091 1160 2313 1204 providentia*
2407 1207 2410 1209 Α

476 1218 570 1262 Pape
595 1219 652 1253 XII
677 1219 776 1253 Anno
801 1221 919 1263 primo.
946 1220 980 1253 ln
1005 1221 1070 1254 mei
1095 1221 1224 1264 publici
1265 1222 1384 1255 notarii
1410 1223 1443 1255 et
1472 1222 1762 1265 infrascriptorum
1798 1222 1935 1256 testium
1970 1222 2153 1265 presentia.
2181 1221 2311 1263 Notum

476 1282 520 1315 sit
544 1283 676 1315 cunctis
701 1283 919 1324 presentibus
943 1284 976 1316 et
999 1283 1122 1316 futuris
1158 1283 1252 1326 quod
1277 1293 1355 1317 cum
1380 1284 1528 1327 quedam
1553 1286 1653 1327 pacta
1677 1286 1710 1318 et
1734 1282 2002 1325 Conventiones,
2037 1284 2128 1319 facta
2151 1287 2185 1320 et
2206 1285 2311 1329 facte,

477 1353 538 1378 seu
563 1345 718 1378 ordinata
742 1347 775 1378 et
799 1345 952 1379 ordinate
977 1346 1170 1386 extiterunt,
1196 1347 1231 1380 ut
1255 1347 1428 1387 asseritur,
1454 1347 1540 1380 inter
1563 1345 1727 1381 Ordinem
1745 1347 1834 1380 beati
1851 1346 2034 1390 Augustini
2051 1356 2097 1381 ex
2112 1349 2207 1390 parte
2239 1355 2309 1392 una

477 1408 510 1439 et
535 1406 703 1440 Abbatem
729 1409 761 1440 et
786 1405 1001 1441 Conventum
1026 1408 1227 1441 Monasterii
1252 1407 1367 1442 Sancti
1392 1408 1481 1442 Petri
1507 1409 1550 1442 de
1575 1408 1650 1442 celo
1674 1418 1777 1442 aureo
1793 1409 1971 1451 papiensis
1995 1418 2040 1443 ex
2064 1409 2187 1443 altera:
2210 1406 2307 1445 (ζωι-

477 1470 615 1503 stitutus
640 1470 864 1512 personaliter
888 1471 1094 1503 venerabilis
1106 1471 1143 1504 ‘et
1161 1471 1342 1514 religiosus
1367 1472 1419 1504 vir
1443 1471 1558 1505 Frater
1573 1470 1778 1505 Guillelmus
1802 1471 1845 1505 de
1869 1470 2039 1505 Cremona
2062 1470 2158 1506 Prior
2174 1474 2208 1507 et
2230 1471 2315 1518 ΜιιμἸ
2346 1460 2394 1506 ’ἓ

477 1524 583 1565 gister
601 1522 779 1556 Generalis
797 1523 948 1556 Fratrum
967 1524 1211 1557 Heremitarum
1235 1523 1376 1558 Ordinis
1398 1524 1513 1559 Sancti
1535 1524 1716 1568 Augustini
1734 1534 1797 1558 nec
1814 1534 1882 1558 non
1899 1526 1932 1558 et
1948 1525 2162 1560 venerabiles
2185 1525 2249 1560 viri
2272 1527 2308 1561 et
2344 1526 2389 1574 [ᾗ

480 1585 613 1618 Fratres
638 1586 854 1628 infrascripti,
880 1587 912 1619 in
938 1585 1099 1628 Capitulo
1123 1585 1283 1620 Generali
1309 1597 1370 1629 per
1393 1588 1534 1621 eosdem
1571 1587 1704 1621 Fratres
1740 1587 1912 1621 celebrato
1936 1587 1969 1621 in
1993 1587 2130 1621 civitate
2165 1580 2309 1631 Grasseg

478 1650 514 1681 ut
539 1649 642 1681 moris
666 1650 718 1681 est
742 1649 828 1682 inter
851 1649 948 1691 ipsos
974 1649 1121 1690 Fratres;
1155 1659 1298 1691 quorum
1333 1649 1483 1683 Fratrum
1521 1650 1657 1683 nomina
1692 1651 1771 1683 sunt
1807 1650 1888 1683 hec:
1921 1649 2036 1684 Frater
2071 1649 2239 1685 lohannes
2260 1650 2306 1685 de

482 1710 599 1751 Roma,
624 1711 725 1744 frater
760 1711 920 1754 paganus
945 1712 987 1744 de
1012 1712 1155 1745 Mantua
1190 1711 1409 1754 Priorprovin
1449 1712 1546 1746 cialis
1581 1713 1756 1755 provincie
1792 1697 1955 1745 Marchie*
1983 1703 2311 1760 Trivisint’„‘fr-ater.v

478 1773 630 1806 Thomas
655 1774 698 1806 de
724 1773 891 1807 Fabriano
927 1773 1023 1807 Prior
1047 1774 1269 1816 provincialis
1294 1773 1470 1817 p’rovincie
1495 1775 1648 1808 Marchie
1673 1774 1920 1815 Anchonitane,
1959 1774 2061 1808 frater
2095 1763 2308 1810 Latranchns

480 1836 522 1869 de
548 1836 757 1876 Mediolano,
781 1837 883 1870 frater
907 1836 1085 1872 Dionisius
1110 1838 1152 1870 de
1177 1837 1292 1881 Burgo
1309 1837 1406 1871 Prior
1421 1838 1642 1880 provincialis
1678 1837 1786 1871 Vallis
1817 1836 2012 1880 Spoletane,
2047 1837 2150 1871 frater
2184 1836 2309 1881 Rogle—

478 1899 548 1931 rius
572 1899 614 1931 de
640 1899 788 1938 Lavello,
813 1899 915 1932 frater
938 1898 1105 1932 Girardus
1130 1900 1172 1932 de
1198 1899 1375 1942 Pergamo,
1400 1900 1502 1933 frater
1526 1898 1722 1933 Gaufredus
1747 1900 1790 1933 de
1815 1898 1937 1943 Anglia
1953 1897 2006 1941 (2)
2030 1899 2193 1933 diffinitor
2226 1909 2309 1943 pro·

480 1962 591 1994 vincie
628 1961 760 2004 Anglie,
796 1962 898 1995 frater
932 1962 1097 1996 Nicolaus
1122 1963 1164 1995 de
1197 1949 1409 2003 Alesandria,
1441 1963 1543 1996 frater
1578 1962 1756 1996 Dionisius
1791 1962 1834 1996 de
1865 1962 1999 1996 Mutina
2033 1962 2196 1996 diffinitur
2229 1971 2309 2006 pro-

479 2024 590 2056 vincie
616 2023 849 2063 Romandiole,
874 2024 975 2057 frater
999 2024 1166 2058 Iohannes
1184 2025 1314 2065 Massa,
1339 2034 1435 2058 sacre
1456 2025 1627 2067 theologie
1652 2025 1877 2067 professores,
1901 2024 2003 2058 frater
2026 2024 2240 2070 Hermannus
2263 2022 2312 2059 clev

480 2085 718 2127 Westhphaiia
742 2086 904 2119 diffinitor
928 2088 1103 2128 provincie
1122 2087 1283 2130 Turingie
1301 2089 1334 2120 et
1355 2086 1516 2127 Saxonie,
1533 2087 1635 2120 frater
1659 2087 1827 2121 lohannes
1853 2087 2062 2121 Feresterius
2077 2084 2130 2129 (3)
2146 2077 2327 2133 diffinitos,

480 2149 655 2190 provincie
681 2148 820 2182 Francie
846 2158 941 2182 sacre
959 2149 1129 2192 theologie
1156 2150 1405 2190 bachelaurius,
1422 2150 1523 2182 frater
1539 2149 1797 2183 Bertholameus
1821 2150 1864 2183 de
1889 2148 2000 2190 Senis,
2024 2149 2126 2183 frater
2141 2148 2315 2185 Ricardus'

480 2211 522 2243 de
563 2209 731 2244 Cremona
767 2211 928 2244 diffinitor
967 2213 1143 2253 provincie
1180 2212 1392 2252 Lombardie,
1420 2212 1522 2245 frater
1549 2211 1761 2254 Recuperius
1799 2212 1842 2245 de
1867 2211 2022 2245 Vicentia
2045 2211 2208 2246 diffinitur
2229 2220 2313 2254 pro-

479 2274 590 2306 vincie
630 2273 783 2307 Marchie
812 2274 984 2314 tarvizine‚
1009 2274 1111 2307 frater
1135 2274 1302 2307 lohannes
1327 2273 1454 2316 Aprani
1479 2274 1636 2307 definitor
1659 2274 1835 2316 provincie
1860 2273 2027 2314 pisarum,
2058 2273 2160 2307 frater
2183 2272 2306 2308 Petrus

482 2336 524 2368 de
550 2334 633 2369 Orto
669 2336 826 2368 definitor
850 2337 1025 2378 provincie
1066 2346 1214 2376 romane,
1254 2336 1356 2369 frater
1390 2336 1546 2369 Marinus
1571 2336 1613 2369 de
1638 2335 1774 2378 Aquilla
1810 2336 1966 2369 definitor
1993 2335 2168 2378 provincie
2199 2326 2308 2371 Vallis

481 2396 621 2439 Spoleti,
646 2398 747 2431 frater
782 2398 903 2431 Petrus
940 2399 981 2431 de
1018 2398 1096 2431 Alto
1133 2398 1211 2431 lohe
1249 2399 1411 2431 diffinitor
1434 2399 1609 2440 provincie
1639 2398 1745 2441 Regni
1771 2397 1906 2441 Apuhe,
1941 2398 2043 2431 frater
2075 2397 2242 2431 lohannes
2265 2392 2310 2431 de

484 2461 651 2494 Fabriano
679 2459 730 2502 (4)
771 2461 933 2494 diffinitos
957 2461 1110 2494 Marchie
1136 2460 1291 2494 Anchoni
1316 2463 1404 2501 tane,
1434 2461 1536 2494 frater
1565 2460 1759 2494 Bernardus
1784 2461 1826 2494 de
1851 2461 2011 2503 Trepano
2043 2460 2205 2493 diffinitur
2230 2468 2311 2503 pro-

538 2610 568 2638 (l)
583 2611 673 2637 Questo
687 2612 739 2633 atto
754 2611 773 2633 si
788 2611 891 2633 riferisce
905 2611 927 2633 ai
942 2611 1036 2633 docum.
1051 2617 1074 2632 n.
1090 2611 1130 2632 XX
1144 2617 1157 2633 e
1171 2611 1255 2638 XX1V;
1271 2611 1299 2632 ed
1319 2611 1331 2632 e
1346 2611 1368 2633 la
1422 2611 1458 2633 col
1474 2611 1543 2633 Card.
1558 2610 1682 2633 Annibaldi
1697 2616 1800 2634 vescovo
1814 2610 1837 2633 di
1852 2610 1965 2638 Frascati;
1980 2616 1994 2633 e
2007 2610 2029 2633 ai
2042 2611 2057 2633 5
2070 2615 2151 2632 marzo
2166 2610 2218 2633 13⁴7
2230 2609 2257 2632 tu
2274 2609 2308 2633 m
2354 2591 2358 2601 ι

485 2656 587 2678 secunda
602 2656 661 2677 delle
679 2657 714 2678 tre
735 2656 904 2683 approvazioni
928 2656 1059 2683 capitolari,
1075 2656 1183 2678 richieste
1207 2656 1292 2683 perche
1314 2656 1368 2683 quei
1423 2655 1544 2677 Clemente
1558 2655 1587 2678 Vl
1602 2655 1676 2678 eletto
1689 2655 1798 2687 Vescovo
1813 2654 1835 2677 di
1850 2655 1924 2677 Fame
1938 2661 1953 2677 ο
1968 2655 2027 2677 Fem
2047 2653 2150 2682 (gruppo
2164 2654 2187 2676 di
2202 2654 2228 2676 17
2246 2652 2308 2684 impe
2336 2649 2395 2692 [j

486 2700 545 2726 patti
560 2706 672 2722 avessero
686 2700 751 2722 forza
766 2701 789 2722 di
803 2701 878 2727 legge.
895 2701 919 2722 ln
934 2702 1020 2727 questo
1035 2700 1145 2727 Capitolo
1166 2700 1188 2722 di
1211 2700 1298 2722 Grasse
1318 2699 1369 2726 (ora
1424 2700 1484 2722 sulla
1498 2701 1565 2722 costa
1580 2700 1606 2722 Ε.
1622 2700 1784 2728 α’ῐηςὴίηεπε
1798 2700 1859 2723 uella
1873 2700 1958 2722 conten
1972 2699 1995 2721 dl
2010 2699 2131 2726 Durham);
2148 2703 2186 2721 ma
2201 2703 2277 2721 venne
2291 2702 2308 2720 ι

486 2745 618 2771 capoluogo
633 2745 656 2766 di
671 2745 816 2767 circondario
831 2745 867 2767 nel
883 2745 1050 2772 dipartimento
1064 2745 1170 2767 francese
1185 2745 1245 2767 delle
1261 2745 1313 2772 Alpi
1324 2751 1372 2767 ma·
1426 2746 1501 2767 morte
1516 2750 1547 2767 un
1561 2750 1623 2767 anno
1637 2745 1710 2772 dopo.
1724 2744 1845 2771 (LANTERI
1859 2745 1906 2767 vol.
1922 2744 1939 2772 Ι,
1954 2749 2008 2771 pag.
2026 2743 2080 2770 103).

486 2789 583 2815 rittime)
597 2789 621 2810 fu
637 2789 729 2811 rieletto
745 2795 786 2816 per
801 2795 832 2811 un
847 2791 933 2816 quarto
948 2790 1048 2811 triennio
1063 2789 1194 2817 Guglielmo
1209 2789 1239 2811 da
1249 2789 1373 2817 Cremona,
1482 2790 1512 2816 (3)
1528 2784 1546 2811 Ε
1560 2795 1653 2816 appena
1668 2789 1787 2812 ricordato
1802 2789 1839 2817 pel
1861 2789 1914 2811 suoi
1935 2788 2012 2811 scritti
2027 2788 2064 2810 dal
2079 2787 2197 2815 TORELu,
2217 2787 2265 2810 vol.
2278 2786 2309 2810 V.
2337 2775 2389 2831 J

487 2833 548 2855 dalla
563 2833 640 2854 divina
656 2833 817 2855 Provvidenza
831 2835 966 2856 veramente
981 2834 1100 2856 destinato
1114 2840 1128 2856 a
1138 2834 1216 2861 legare
1226 2834 1241 2855 il
1249 2839 1293 2856 suo
1304 2840 1372 2856 nome
1427 2840 1481 2861 pag.
1495 2834 1543 2857 536.
2359 2855 2366 2864 2

487 2883 501 2899 a
515 2878 571 2899 tutti
586 2878 616 2904 gli
631 2878 674 2899 atti
691 2877 730 2904 piu
745 2878 890 2905 importanti,
905 2879 948 2900 che
963 2879 1103 2906 riguardano
1118 2879 1139 2900 le
1154 2878 1228 2905 prime
1242 2879 1339 2901 vicende
1347 2879 1370 2901 di
1479 2879 1510 2904 (4)
1525 2873 1543 2901 Ε
1556 2878 1616 2901 irate
1631 2878 1745 2901 Glovanni
1760 2878 1791 2901 da
1805 2877 1928 2905 fabriano,
1942 2877 2028 2900 lettore
2042 2877 2103 2899 nello
2117 2876 2201 2900 Studio
2219 2876 2243 2898 di
2263 2868 2312 2899 noss

487 2921 511 2944 S.
529 2922 606 2944 Pietro
621 2922 643 2943 in
659 2922 708 2944 Ciel
723 2922 805 2944 d'oro.
1426 2923 1504 2950 logna,
1519 2924 1602 2945 autore
1617 2923 1640 2944 di
1654 2922 1762 2950 parecchi
1785 2921 1878 2945 trattati
1898 2921 2016 2949 filosoflci,
2037 2922 2114 2944 morto
2137 2920 2174 2943 uel
2197 2920 2248 2943 13⁴8
2269 2919 2308 2943 nd
2344 2912 2391 2951 2²7⁷*

541 2966 571 2992 (2)
586 2966 712 2989 Ricordato
727 2966 787 2994 dagli
803 2967 906 2989 scrittori
928 2967 1074 2990 dell¹0rdine
1089 2969 1125 2990 col
1140 2974 1209 2990 nome
1223 2968 1246 2990 di
1266 2967 1370 2990 Galtrido
1425 2967 1548 2990 Convento
1562 2967 1585 2989 di
1600 2966 1624 2989 S.
1639 2966 1752 2990 Giacomo
1767 2966 1790 2990 di
1809 2966 1887 2994 quella
1907 2965 1974 2989 citta.
1995 2966 2113 2992 Tomi.
2133 2965 2180 2987 vol.
2202 2965 2230 2988 V.
2252 2969 2308 2992 pag.

489 3010 624 3037 Grandfeld,
640 3012 726 3037 questo
740 3011 830 3038 insigne
845 3012 954 3039 religioso
969 3012 993 3034 fu
1007 3013 1131 3035 ammirato
1145 3013 1234 3035 ai·suoi
1250 3013 1322 3039 tempi
1331 3018 1373 3040 per
1426 3012 1474 3034 594.
2366 3002 2368 3005 ”

487 3054 601 3082 dottrina,
617 3055 755 3082 eloquenza,
771 3055 860 3081 pratica
875 3056 935 3082 negli
950 3056 1024 3078 affari.
1040 3057 1073 3078 Fu
1088 3057 1110 3078 in
1125 3056 1213 3084 grande
1226 3056 1375 3084 famigliarita
