2496 3600
2005 262 2051 295 ⁷5

155 406 178 427 ῃ»
215 390 336 429 ‚macie
358 389 524 430 tolosam,
547 389 649 423 fratre
673 388 862 423 Audiberto
885 389 928 422 de
953 387 1084 422 Grassa
1107 389 1289 423 diffinitore
1314 391 1490 432 provincie
1515 390 1714 432 Provencie‚
1750 392 1850 426 fratre
1875 393 2048 428 Bernardo

225 452 270 487 de
292 450 404 487 Scalla
427 450 608 484 diffinitore
632 451 807 492 provincie
843 449 994 492 Yspanie
1018 452 1052 484 et
1075 451 1175 484 fratre
1212 451 1359 486 Iohanne
1384 452 1426 485 de
1452 451 1624 486 Fenestris
1660 454 1840 488 diffinitore
1873 457 2047 497 provincie

142 497 187 554 ’,[Ῐ-
225 510 412 554 catalonie,
435 515 474 549 et
492 513 558 555 ipsi
583 513 673 545 idem
698 513 850 555 magistri
875 514 908 546 et
932 512 1133 546 diffinitores
1158 523 1225 546 una
1249 523 1326 547 cum
1351 514 1443 547 dicto
1467 523 1584 547 eorum
1610 514 1768 549 Generali
1794 516 1920 557 Priore,
1945 527 2050 560 super

224 575 481 620 pertractandis,
505 575 732 615 conferendis,
756 575 956 608 ordinandis
980 578 1013 608 et
1038 575 1262 609 reformandis
1287 577 1440 619 negociis
1464 577 1546 610 dicti
1563 576 1712 619 Capituli
1731 581 1763 611 et
1780 579 1891 612 tocius
1909 579 2048 614 Ordinis

225 637 393 682 prelibati,
418 637 452 670 in
477 637 614 670 civitate
638 635 816 678 Senatum,
841 638 874 670 in
898 640 1069 671 conventu
1095 638 1245 671 Fratrum
1271 637 1385 672 Sancti
1411 638 1604 682 Augustini,
1629 641 1662 673 in
1688 641 1764 674 loco
1789 640 1912 675 Sancte
1937 643 2046 676 Marte

167 687 169 690 V
225 708 317 735 more
341 699 443 732 solito
466 699 674 742 congregati,
700 699 775 732 vice
800 701 833 733 et
857 700 992 733 nomine
1017 700 1128 733 tocius
1153 701 1307 734 eiusdem
1333 700 1473 735 Ordinis
1497 700 1676 735 Generalis
1701 705 1733 736 et
1758 713 1820 745 pro
1845 704 1921 746 ipso
1946 714 2049 747 gene-

225 761 285 796 rali
309 760 448 802 Ordine,
473 761 589 794 habito
613 761 714 794 etiam
739 761 782 794 de
807 762 861 795 his
885 763 980 804 prius
1005 762 1150 796 invicem
1187 763 1303 796 debito
1328 763 1501 806 colloquio
1525 766 1558 797 et
1582 764 1826 799 deliberatione
1851 769 1990 806 matura,
2016 770 2048 800 et

147 819 169 856 .‘
224 823 310 857 inter
331 823 428 866 ipsos
452 824 487 855 ut
511 822 671 856 dixerunt
694 823 910 866 singulariter
933 825 966 857 et
990 824 1155 857 verbatim
1169 825 1338 866 expositis
1352 827 1384 858 et
1397 826 1574 859 recensitis
1588 827 1698 868 pactis
1715 829 1748 860 et
1761 829 2047 863 conventionibus

141 871 151 879 ⁶
222 884 315 919 aliax
337 884 436 918 factis
460 886 494 917 et
517 885 609 918 initis
633 885 719 918 inter
743 885 855 927 ipsum
881 886 1072 928 generalem
1098 885 1260 919 Ordinem
1286 887 1437 920 Fratrum
1463 888 1707 922 Heremitarum
1732 899 1775 923 ex
1801 892 1894 932 parte
1924 900 1990 924 una
2015 893 2047 925 et

224 946 451 981 venerabilem
487 947 596 980 virum
633 947 820 989 dompnum
845 947 1014 981 Abbatem
1039 950 1072 982 et
1096 951 1301 982 conventum
1334 951 1530 983 monasterii
1556 949 1670 984 Sancti
1696 951 1785 985 Petri
1811 953 1988 994 papiensis
2014 954 2046 986 in

134 1051 135 1054 Ἰ
163 1047 165 1050 f
223 1006 308 1044 Celo
331 1017 434 1043 aureo
458 1017 502 1042 ex
527 1011 622 1051 parte
647 1010 762 1050 altera,
787 1011 922 1043 nomine
949 1011 1143 1044 monasterii
1176 1011 1347 1052 antedicti,
1362 1021 1505 1054 quorum
1523 1015 1699 1055 pactorum
1725 1017 1757 1047 et
1782 1017 2045 1049 conventionum

151 1068 170 1098 ”“ἶ
223 1071 382 1105 dixerunt
405 1079 443 1104 se
469 1071 593 1104 habere
618 1072 754 1114 plenam
780 1073 951 1112 noticiam,
976 1075 1076 1115 pacta
1101 1073 1177 1115 ipsa
1201 1075 1234 1106 et
1259 1075 1505 1108 conventiones
1529 1076 1668 1109 easdem
1694 1078 1835 1117 noviter,
1861 1087 1927 1110 non
1943 1079 2046 1118 dollo,

221 1133 340 1167 fraude
363 1133 417 1166 vel
442 1134 603 1167 suasione
629 1143 690 1167 seu
716 1135 932 1176 instigatione
957 1135 1011 1168 vel
1037 1135 1106 1168 ullo
1130 1145 1241 1169 errore
1267 1136 1370 1176 ducti,
1396 1137 1457 1170 sed
1483 1147 1526 1170 ex
1540 1141 1631 1171 certa
1649 1140 1790 1172 scientia
1808 1142 1840 1173 et
1857 1143 2046 1182 spontanea

156 1219 166 1228 t
222 1194 394 1230 voluntate
418 1196 510 1228 omni
534 1197 600 1236 via,
626 1197 697 1229 iure
722 1198 755 1229 et
779 1197 893 1237 modo,
918 1198 1045 1239 quibus
1071 1198 1192 1231 melius
1217 1200 1249 1231 et
1274 1198 1442 1232 efficatius
1459 1202 1651 1241 potuerunt,
1666 1203 1954 1243 approbaverunt,
1969 1204 2046 1236 rati-

221 1257 407 1292 ficaverunt
431 1259 464 1291 et
488 1258 773 1292 confirmaverunt
808 1267 985 1300 expresse,
1011 1268 1072 1301 per
1096 1260 1218 1299 omnia,
1256 1263 1356 1302 prout
1381 1263 1413 1294 et
1438 1262 1526 1295 sicut
1551 1263 1583 1294 in
1610 1263 1841 1297 instrumentis
1866 1274 1932 1306 que
1957 1265 2045 1298 iacta

127 1354 142 1359 ⁷.
220 1319 378 1353 dixerunt
402 1319 444 1353 de
469 1321 756 1354 conventionibus
780 1321 944 1363 predictis
957 1323 989 1354 et
1006 1330 1122 1354 eorum
1137 1323 1402 1355 conventionum
1419 1325 1738 1366 approbationibus,
1757 1327 2045 1361 ratificacionibus

219 1383 254 1416 et
276 1382 588 1415 confirmationibus
613 1384 649 1415 ut
672 1383 832 1416 dixerunt
855 1383 955 1416 factis
973 1384 1005 1416 in
1023 1384 1160 1417 duobus
1178 1385 1370 1418 immediate
1388 1387 1652 1427 precedentibus
1666 1388 1847 1421 celebratis
1872 1390 1951 1422 dicti
1982 1389 2046 1422 Or-

224 1444 314 1479 dinis
338 1443 565 1478 Generalibus
590 1443 759 1487 Capitulis
784 1446 827 1479 de
852 1444 983 1479 Grassa
1007 1448 1039 1479 et
1064 1447 1106 1480 de
1131 1446 1302 1487 Veneciis,
1327 1448 1451 1481 dicitur
1475 1450 1638 1482 contineri
1653 1452 1686 1483 et
1703 1452 1891 1484 secundum
1907 1453 2044 1484 modum

128 1543 134 1556 ·,
155 1503 162 1511 '
218 1505 360 1540 formam
385 1508 418 1540 et
442 1507 595 1540 ordinem
621 1508 653 1540 in
679 1508 911 1541 instrumentis
936 1508 1022 1550 ipsis
1047 1509 1155 1542 lacius
1180 1510 1410 1543 observatum.
1437 1510 1608 1554 Rogantes
1626 1522 1678 1545 me
1696 1514 1966 1555 suprascriptum
1985 1524 2045 1546 no-

114 1558 150 1585 '¹³
197 1569 338 1603 =tarium
362 1569 455 1611 quod
480 1569 522 1602 de
548 1570 711 1611 predictis
736 1570 896 1604 omnibus
921 1570 1096 1612 publicum
1121 1572 1299 1605 conficiam
1326 1573 1596 1606 instrumentum.
1623 1573 1744 1607 Actum
1770 1574 1870 1608 Senis
1904 1576 1935 1608 in
1969 1576 2044 1609 loco

219 1629 370 1664 Fratrum
395 1629 509 1664 Sancti
535 1630 716 1674 Augustini
742 1633 933 1665 conventus
958 1633 1127 1673 senensis,
1145 1633 1202 1666 ubi
1220 1634 1377 1676 generale
1396 1635 1581 1677 capitulum
1599 1636 1679 1669 dicti
1698 1635 1838 1670 Ordinis
1856 1638 2046 1671 celebratur

126 1729 152 1742 ,ᾖ
220 1700 333 1726 coram
358 1701 418 1726 ser>
437 1692 559 1735 Egidio
583 1693 756 1735 quondam
782 1692 916 1731 Girardi
942 1695 984 1727 de
1010 1695 1144 1728 Mutina
1168 1698 1200 1728 et
1225 1705 1280 1729 ser
1293 1696 1400 1730 Paulo
1430 1697 1589 1731 Iohannis
1613 1699 1656 1731 de
1681 1698 1881 1732 Bellonibus
1903 1700 1944 1733 de
1963 1698 2046 1733 Cer-

134 1747 171 1798 ζ
218 1755 300 1788 tano
322 1754 472 1788 diocesis
497 1755 688 1789 Brixiensis
712 1756 930 1798 presentibus
955 1757 998 1790 ad
1023 1757 1086 1791 hec
1112 1758 1244 1791 vocatis
1269 1760 1301 1792 et
1325 1760 1463 1802 rogatis.

152 1863 162 1866 ᾖ
307 1815 380 1860 Ego
404 1817 524 1851 Mutus
549 1818 722 1860 quondam
747 1819 898 1861 magistri
925 1818 1052 1852 Albrici
1078 1820 1242 1862 imperiali
1268 1822 1467 1855 auctoritate
1485 1822 1589 1855 iudex
1619 1824 1811 1857 ordinarius
1836 1826 1868 1857 et
1893 1826 2045 1858 notarius

218 1868 380 1921 predictis
403 1880 563 1913 omnibus
587 1880 720 1913 interfui
745 1882 778 1914 et
802 1890 843 1914 ea
859 1883 999 1924 rogatus
1016 1882 1165 1915 scribere
1190 1882 1233 1915 de
1259 1884 1419 1917 mandato
1436 1885 1603 1918 dictorum
1621 1885 1748 1919 Prioris
1766 1888 1798 1919 et
1816 1885 2043 1920 Difiinitorum

218 1937 366 1982 Capituli
391 1941 548 1983 prelibati
573 1942 696 1984 scripsi
721 1944 754 1975 et
778 1943 964 1984 publicavi.

11 1974 39 1987 ι,
134 1949 166 1991 ές

27 2003 43 2016 ’-
138 2007 151 2018 ›

223 2102 240 2119 ο
251 2096 422 2126 Μιιᾱεδιπςο,
445 2098 530 2126 perche
543 2098 568 2121 fu
588 2099 682 2122 Lettore
703 2100 726 2121 in
748 2100 802 2127 quel
823 2099 953 2123 Convento.
969 2094 988 2123 Ε
1002 2107 1049 2123 uno
1063 2101 1100 2124 dei
1156 2107 1169 2123 e
1183 2101 1207 2124 fu
1222 2103 1316 2130 sepulto
1331 2103 1392 2125 neno
1406 2105 1485 2126 stesso
1500 2105 1599 2132 tumulo,
1615 2105 1675 2127 dove
1690 2106 1726 2128 nel
1744 2106 1795 2128 1357
1809 2112 1848 2128 era
1863 2108 1927 2128 stato
1938 2107 2040 2134 deposto

217 2140 331 2170 maioni
344 2142 384 2170 piu
399 2143 506 2166 rinomati
521 2143 675 2166 dell'Ordine.
691 2144 796 2172 'reologo
810 2144 900 2172 insigne
910 2145 971 2167 lesse
981 2150 995 2167 a
1005 2145 1102 2173 Magde-
1155 2146 1171 2168 il
1186 2146 1299 2170 uenerale
1313 2147 1440 2170 Tommaso
1455 2148 1621 2176 d’Argentina3
1637 2155 1650 2172 e
1665 2150 1701 2172 nel
1718 2150 1769 2173 1358
1783 2150 1797 2172 il
1813 2156 1950 2173 successore
1967 2151 1989 2173 di
1998 2152 2038 2178 lui,

222 2185 298 2214 burto
310 2192 324 2209 e
337 2187 368 2210 ad
382 2187 468 2210 Erfurt.
492 2187 608 2210 Sostenne
628 2189 669 2213 alti
691 2188 771 2216 umen,
795 2194 862 2211 come
876 2189 955 2216 quello
970 2190 993 2212 di
1008 2190 1100 2213 vacario
1155 2190 1170 2212 il
1185 2190 1212 2213 Β.
1227 2191 1340 2218 Gregorio
1355 2191 1385 2213 da
1400 2191 1491 2215 Rimini.
1506 2193 1564 2215 Vedi
1580 2193 1697 2221 ιΑΝτΕιὶι,
1713 2194 1759 2216 vol.
1775 2194 1792 2221 l,
1808 2200 1861 2221 pag.
1876 2195 1924 2222 323,
1940 2196 1955 2217 il
1970 2196 2039 2222 quale

223 2229 336 2254 Quale
356 2231 417 2254 dena
438 2231 570 2260 Germania,
585 2238 598 2255 e
613 2233 691 2260 quello
705 2233 728 2255 di
744 2233 889 2256 Provinclale
911 2234 971 2256 della
990 2233 1102 2257 Sassonia
1158 2235 1260 2258 riterisce
1274 2236 1296 2258 al
1311 2237 1436 2263 proposito
1450 2237 1466 2258 il
1480 2239 1594 2264 seguente
1608 2238 1766 2265 epigramma:

223 2279 267 2302 per
279 2275 324 2298 ben
337 2276 384 2299 due
397 2277 469 2299 volte.
493 2277 576 2299 Lucio
590 2278 708 2300 numerosi
729 2278 814 2305 scritti,
828 2278 863 2300 tra
877 2278 884 2300 l
900 2278 962 2306 quali
977 2278 993 2301 ll
1007 2278 1048 2306 piis
1063 2285 1105 2307 ap·
1291 2289 1351 2312 Tre,
1364 2289 1422 2312 dam
1435 2289 1545 2319 gamma,
1560 2291 1697 2319 Ariminum,
1712 2291 1838 2319 Argentum
1853 2294 1964 2319 parentes

224 2321 335 2346 meo
348 2319 362 2342 e
376 2321 455 2348 quello
468 2321 529 2343 delle
548 2321 615 2344 Vitae
633 2321 748 2350 fratrum.
770 2322 907 2345 intervenne
920 2328 935 2345 a
949 2324 985 2345 tre
999 2323 1101 2351 Capitoli
1238 2333 1288 2356 Um
1303 2335 1340 2356 «οἳ
1354 2334 1469 2361 ingenuog
1482 2336 1545 2357 tem,
1559 2341 1639 2357 creare
1653 2336 1743 2362 nequit·

223 2363 338 2392 oeterni,
351 2370 366 2387 e
379 2365 402 2387 in
416 2365 494 2393 quello
509 2365 532 2388 di
547 2366 636 2389 milano
650 2367 710 2389 ebbe
724 2367 740 2389 ll
754 2367 866 2389 mandato
876 2367 899 2389 di
910 2369 1046 2394 presentare
1061 2374 1103 2396 per
1238 2378 1267 2400 Et
1281 2378 1326 2400 ΜΖ,
1340 2379 1389 2401 tres
1403 2379 1502 2407 patriae,
1517 2380 1638 2407 pietatem,
1653 2380 1773 2408 dogmata,
1793 2386 1897 2408 regnum,

223 2407 417 2436 nummulum
430 2410 462 2437 gn
475 2410 520 2432 atti
534 2410 655 2437 capitoiarl
670 2416 684 2432 a
699 2410 819 2433 Clemente
837 2412 910 2434 sesto.
927 2412 976 2440 Egll
990 2411 1015 2434 tu
1030 2418 1102 2435 uomo
1237 2422 1283 2444 Te..
1296 2423 1341 2445 m„
1355 2424 1478 2445 centenum
1493 2424 1597 2446 confluet
1612 2424 1760 2452 Empyreum·

223 2451 248 2475 dt
267 2451 328 2476 virm
349 2453 447 2481 intime,
468 2459 482 2476 e
502 2454 638 2477 ctrcondato
659 2454 720 2477 dalla
741 2455 811 2478 etima
833 2455 964 2479 universale
984 2456 1065 2479 chiuse
1079 2457 1101 2479 la
1236 2466 1436 2498 Smuelvfide&
1450 2468 1561 2495 chama„
1575 2468 1619 2490 ιω,
1634 2469 1682 2491 “es
1697 2469 1848 2491 coniunxefflt
1863 2469 1910 2496 „¹15¹

223 2501 268 2520 ω·
280 2502 381 2525 m
395 2503 408 2520 Ε
421 2499 490 2521 ”¹¹⁸²
503 2498 561 2526 vm·
576 2498 616 2526 Ρη*
630 2499 673 2522 ⁰¹¹⁶
687 2499 859 2528 ⁰¹¹¹¹⁸sse¹¹⁸f¹⁰=
873 2505 887 2523 ⁸
897 2500 985 2523 V¹²¹¹¹¹³
995 2501 1032 2523 ¹¹²¹
1043 2501 1103 2529 ¹³⁸)-
1239 2511 1298 2534 Tres
1312 2512 1348 2534 ter
1361 2511 1441 2534 felices
1455 2517 1516 2534 unus
1530 2512 1601 2535 habet
1616 2513 1728 2535 tumulus.
