2496 3600
1940 248 1984 282 33

1265 310 2007 324 —bb—Q-——OE

166 378 340 422 expensiS.
358 375 517 412 Ceterum
542 386 618 410 cum
635 377 677 410 ad
696 376 939 409 execucionem
966 376 1159 409 huiusmodi
1185 377 1332 409 mandati
1351 377 1528 418 apostolici
1547 378 1686 411 ulterius
1711 379 1899 412 faciendam
1917 389 1985 422 quo

167 442 212 476 ad
235 449 377 484 presens
405 440 577 473 intendere
611 447 832 481 nequeamus,
857 439 1066 471 honorandis
1091 440 1124 471 et
1147 439 1304 471 discretis
1337 439 1419 471 viris
1451 437 1564 472 Sancti
1590 439 1792 473 Bartolomei
1819 442 1850 473 in
1883 444 1987 476 strata

166 503 352 546 papiensis,
378 500 491 535 Sancti
518 501 726 543 Apollinaris
751 501 783 532 in
810 501 985 533 suburbiis
1010 499 1126 541 Papie‚
1153 500 1281 533 ordinis
1306 499 1420 533 Sancti
1447 500 1631 541 Benedicti,
1649 505 1680 534 et
1705 501 1817 535 Sancti
1845 503 1931 536 Petri
1952 505 1982 536 in

169 564 326 599 Verzolio
350 564 442 606 apud
467 563 608 605 Papiam
634 563 914 596 monasteriorum
932 561 1135 601 Abbatibus,
1153 571 1192 595 ac
1218 561 1468 596 Archidiacono
1485 565 1517 596 et
1534 562 1825 605 Archipresbitero
1843 566 1985 600 ecclesie

165 627 341 671 papiensis
364 629 397 660 et
433 626 603 668 magistris
639 624 834 667 Bergondio
870 623 975 657 Torto
999 626 1032 657 et
1056 623 1137 657 Otto
1161 625 1203 657 de
1229 624 1411 658 Albariciis
1447 626 1600 658 eiusdem
1637 626 1779 659 ecclesie
1805 628 1983 669 papiensis

167 689 350 728 canonicis,
378 698 439 721 nec
464 697 530 720 non
563 687 743 730 Preposito
775 686 899 720 Sancte
925 686 1099 719 Trinitatis
1124 688 1156 719 et
1181 685 1287 719 Priori
1321 685 1435 720 Sancti
1467 686 1655 721 Salvatoris
1683 689 1725 721 de
1749 688 1856 731 Papia
1879 687 1931 731 (1)
1954 692 1987 723 et

168 751 305 786 cuilibet
329 760 444 784 eorum
470 751 502 783 in
528 750 686 789 solidum,
711 758 815 791 super
838 749 1047 782 execucione
1071 749 1213 790 predicti
1246 749 1393 782 mandati
1419 750 1598 792 apostolici
1625 751 1764 783 ulterius
1789 753 1824 784 ut
1849 753 1985 793 premit-

167 814 246 848 titur
270 813 438 853 facienda,
462 813 714 851 committimus,
738 814 854 844 tenore
880 811 1104 852 presencium,
1130 811 1223 843 vices
1249 813 1393 851 nostras,
1412 812 1521 845 donec
1546 821 1605 845 eas
1630 813 1672 845 ad
1699 822 1761 846 nos
1787 813 1986 847 duxerimus

170 876 390 910 revocandaS.
421 875 558 917 Eosque
583 876 614 908 et
631 871 824 916 'quemlibet
860 883 975 906 eorum
1013 882 1189 906 monemus
1214 876 1246 906 et
1270 875 1473 915 requirimus
1510 876 1628 916 primo,
1654 876 1806 908 secundo
1832 878 1864 909 et
1888 878 1986 910 tertio

168 939 390 982 perhentorie,
414 938 589 980 eisqueet
612 945 729 970 eorum
765 935 904 969 cuilibet
929 936 961 968 in
987 936 1109 968 virtute
1146 936 1345 969 obediencie
1370 938 1403 969 et
1427 937 1492 969 sub
1529 938 1856 971 excomunicationis
1888 948 1987 980 pena,

168 1003 269 1044 qua'm
294 1001 327 1033 in
351 1009 413 1033 eos
437 1002 470 1033 et
494 999 680 1041 quemlibet
715 1007 832 1031 eorum
857 998 914 1039 qui
952 998 1030 1030 huic
1067 1000 1181 1031 nostre
1218 998 1412 1037 monicioni,
1437 999 1660 1040 requixicioni
1686 1002 1718 1032 et
1743 1000 1902 1033 mandato
1928 1010 1987 1034 ne-

167 1063 333 1107 glexerint
357 1062 411 1096 vel
435 1061 701 1103 contempserint
724 1060 874 1099 obedire,
892 1060 994 1094 simili
1020 1060 1209 1093 monicione
1235 1061 1412 1102 premissa,
1430 1070 1472 1093 ex
1491 1070 1580 1094 nunc
1606 1064 1705 1103 prout
1737 1071 1779 1094 ex
1812 1065 1890 1095 tunc
1909 1072 1986 1104 pro-

166 1125 306 1159 ferimus
330 1125 363 1157 in
388 1124 454 1157 hiis
489 1124 637 1167 scriptis,
662 1123 813 1157 districte
850 1122 1071 1164 precipiendo
1107 1122 1319 1162 mandamus,
1344 1124 1512 1164 quatenus
1550 1123 1614 1165 ipsi
1640 1123 1693 1157 vel
1730 1124 1785 1156 alii
1811 1133 1872 1157 seu
1905 1124 1988 1158 alter

169 1196 295 1227 eorum,
319 1187 376 1229 qui
402 1187 447 1220 ab
470 1186 600 1220 eisdem
636 1185 751 1218 Priore
776 1186 808 1218 et
832 1184 1005 1217 Fratribus
1031 1184 1084 1217 vei
1110 1185 1262 1226 ipsorum
1298 1184 1471 1226 aliquibus
1496 1193 1556 1218 seu
1581 1185 1696 1227 aliquo
1729 1186 1852 1219 fuerint
1876 1188 1988 1229 requi-

169 1249 241 1290 xttt,
264 1249 308 1283 ad
333 1257 397 1282 vos
421 1250 455 1282 et
478 1248 605 1281 dictum
641 1247 883 1281 monasterium
920 1248 1070 1279 vestrum
1096 1255 1135 1280 ac
1160 1246 1247 1279 alios
1283 1256 1427 1288 quorum
1464 1247 1602 1280 interest
1630 1248 1682 1280 vei
1719 1248 1877 1287 intererit,
1902 1249 1987 1284 infra

141 1325 145 1328 ·
167 1311 266 1345 trium
306 1311 436 1344 dierum
476 1311 624 1352 spatium
665 1310 743 1351 post
779 1309 1041 1351 requisicionem
1082 1309 1276 1341 huiusmodi
1318 1309 1391 1342 sine
1432 1309 1543 1341 medio
1583 1310 1858 1351 computandum,
1898 1320 1987 1352 quos

169 1382 284 1408 eorum
307 1373 445 1407 cuilibet
469 1381 530 1415 pro
555 1372 771 1415 perhentorio
807 1371 949 1405 termino
985 1371 1214 1413 assignamus,
1239 1371 1462 1412 personaliter
1494 1371 1659 1405 accedant
1683 1374 1714 1405 et
1739 1373 1911 1413 predictas
1936 1373 1989 1405 lit-

170 1438 258 1470 teras
293 1435 503 1478 apostolicas
527 1436 559 1469 et
583 1435 672 1468 hunc
709 1435 861 1467 nostrum
898 1442 1098 1476 processum
1124 1435 1157 1466 et
1181 1433 1294 1466 omnia
1326 1435 1358 1467 et
1381 1433 1527 1476 syngula
1563 1435 1805 1476 suprascripta,
1831 1435 1930 1468 vobis
1956 1437 1988 1469 et

170 1498 307 1532 cuilibet
331 1500 481 1532 vestrum
506 1506 546 1531 ac
571 1497 657 1539 ipsis
681 1496 758 1530 aliis
783 1486 927 1538 quorum
964 1496 1103 1529 interest
1128 1495 1180 1528 vel
1208 1496 1355 1528 Intererit
1379 1497 1446 1529 tam
1472 1497 1693 1528 communiter
1718 1506 1818 1538 quam
1852 1497 1988 1531 divisim

168 1561 384 1603 ubicumque,
413 1560 711 1602 quandocumque,
736 1559 1062 1601 quocienscumque,
1088 1558 1278 1600 expediens
1304 1557 1414 1598 fuerit,
1439 1558 1655 1598 denuncient,
1682 1558 1793 1601 legant
1818 1561 1851 1592 et
1876 1560 1989 1601 publi-

171 1632 248 1658 care
271 1624 453 1666 procurent
476 1632 516 1656 ac
541 1622 681 1656 eosdem
706 1621 856 1654 Priorem
881 1623 913 1654 et
937 1620 1069 1654 Fratres
1094 1621 1189 1653 iuxta
1213 1621 1440 1662 predictarum
1467 1620 1648 1653 litterarum
1674 1621 1939 1663 apostolicarum
1956 1624 1988 1655 et

169 1685 362 1719 huiusmodi
399 1685 504 1718 nostri
541 1693 727 1727 processus
762 1685 923 1724 tenorem,
948 1683 1074 1716 faciant
1098 1683 1141 1716 ad
1166 1683 1433 1725 suprascriptam
1470 1683 1719 1716 habitacionem
1751 1684 1880 1716 admitti
1917 1693 1989 1716 om-

171 1749 293 1791 niaque
310 1750 343 1782 et
363 1747 510 1791 syngula
533 1747 600 1781 alia
624 1747 657 1780 in
682 1746 882 1789 apostolicis
907 1746 1025 1780 litteris
1049 1746 1178 1779 eisdem
1204 1747 1362 1779 contenta
1385 1746 1583 1778 execucioni
1610 1746 1723 1779 debite
1748 1746 1907 1779 studeant
1931 1747 1992 1780 de-

177 1811 361 1852 mandare;
387 1811 625 1850 monicionem,
650 1810 911 1852 requisicionem
937 1811 969 1843 et
993 1809 1188 1842 mandatum
1226 1810 1342 1842 nostra
1366 1809 1573 1848 huiusmodi,
1598 1809 1672 1842 sive
1704 1809 1818 1842 verius
1854 1811 1996 1852 aposto-

172 1873 246 1915 lica,
270 1873 380 1908 taliter
414 1872 634 1915 adimplendo
658 1872 751 1914 quod
788 1872 866 1905 inde
895 1872 962 1905 sint
986 1872 1029 1904 de
1053 1871 1255 1904 obediencia
1291 1871 1562 1904 commendandi.
1589 1871 1622 1903 ln
1660 1881 1803 1913 quorum
1840 1872 1989 1905 omnium

170 1936 399 1971 testimonium
434 1938 468 1970 et
502 1935 681 1969 cautellam
718 1935 780 1968 has
817 1935 945 1968 litteras
981 1943 1042 1976 per
1077 1934 1328 1975 infrascriptum
1365 1933 1531 1966 notarium
1569 1934 1670 1966 scribi
1696 1935 1728 1967 et
1753 1935 1785 1966 in
1818 1934 1989 1975 publicam

172 1987 312 2033 formam
336 1999 444 2041 redigi
472 1998 617 2032 fecimus
642 1999 675 2031 et
699 1998 805 2031 nostri
830 1997 933 2040 sigilli
970 1997 1154 2030 munimine
1181 1996 1344 2029 iussimus
1380 1996 1542 2029 roborari.
1568 1995 1691 2029 Datum
1717 1998 1749 2029 et
1772 1998 1883 2029 actum
1909 1996 1992 2029 Avi-

173 2061 275 2102 moni,
291 2070 381 2095 anno
405 2070 424 2094 a
450 2061 625 2094 nativitate
650 2059 786 2093 Domini
813 2059 992 2093 millesimo
1017 2059 1253 2092 trecentesimo
1279 2059 1445 2101 vigesimo
1470 2059 1626 2100 septimo,
1653 2059 1822 2091 indicione
1848 2059 1989 2098 decima,

171 2123 226 2157 die
249 2123 474 2157 decimonono
506 2123 635 2156 mensis
671 2122 766 2162 lunii,
792 2122 1014 2155 Pontificatus
1051 2120 1263 2166 Sanctissimi
1301 2120 1411 2154 Patris
1436 2121 1576 2163 predicti
1602 2130 1691 2153 anno
1728 2121 1908 2153 undecimo
1933 2130 1991 2154 su-

171 2186 370 2228 prascripto.
395 2184 618 2219 Presentibus
642 2185 789 2218 testibus
814 2185 976 2227 magistro
1013 2183 1200 2217 Bertrando
1225 2183 1267 2216 de
1292 2182 1416 2216 Sancto
1441 2181 1612 2216 Genessio
1636 2183 1722 2215 sacri
1748 2183 1868 2224 palacii
1894 2183 1992 2216 audi-

173 2250 254 2288 tore,
271 2247 458 2282 Bertrando
474 2248 518 2281 de
542 2248 754 2281 Monasterio
779 2256 819 2281 ac
845 2247 957 2280 Fratre
982 2246 1083 2279 Petro
1108 2246 1150 2279 de
1168 2244 1274 2279 Canis
1290 2244 1430 2279 Ordinis
1456 2245 1637 2284 Minorum,
1655 2245 1840 2287 capellanis
1866 2246 1990 2278 nostris

172 2310 216 2344 ad
238 2310 390 2353 predicta
414 2311 546 2344 vocatis
574 2310 770 2352 specialiter
793 2311 826 2343 et
851 2309 989 2352 rogatis.

261 2372 302 2406 Et
325 2381 389 2415 ego
413 2372 561 2406 lustinus
585 2372 676 2405 iilius
700 2371 832 2405 Puctini
857 2372 900 2405 de
925 2370 1073 2404 Pistorio
1097 2370 1258 2413 publicus
1295 2370 1460 2412 imperiali
1496 2370 1695 2402 auctoritate
1728 2369 1889 2408 notarius,
1914 2378 1992 2410 pre-

173 2435 369 2475 sentacioni,
395 2435 592 2477 receptioni,
617 2435 881 2474 municionibus,
906 2434 1086 2473 mandatis,
1111 2433 1307 2472 sentenciis,
1332 2431 1563 2465 commissioni
1589 2440 1629 2464 ac
1661 2430 1738 2463 aliis
1774 2430 1932 2464 omnibus
1957 2432 1991 2463 et

174 2497 330 2540 syngulis
347 2506 407 2540 per
423 2498 550 2531 dictum
574 2498 748 2530 dominum
766 2495 983 2531 Cardinalem
1007 2498 1223 2529 executorem
1248 2494 1469 2537 suprafatum,
1488 2503 1554 2526 una
1578 2502 1654 2526 cum
1680 2492 1819 2534 prefatis
1843 2493 1991 2526 testibus

173 2568 314 2602 presens
338 2559 397 2600 fui,
421 2569 531 2602 eaque
556 2562 695 2602 rogatus
720 2559 774 2592 hic
799 2559 921 2601 scripsi
946 2559 978 2592 et
1002 2558 1044 2591 de
1070 2558 1180 2600 ipsius
1205 2557 1330 2590 domini
1357 2555 1550 2590 Cardinalis
1577 2555 1737 2587 mandato
1762 2554 1794 2586 in
1820 2554 1992 2596 publicam

173 2621 313 2656 formam
338 2622 464 2665 redegi,
488 2624 521 2657 et
545 2623 683 2665 propria
708 2631 809 2655 manu
834 2621 968 2663 scripsi.

227 2778 260 2805 (1)
273 2778 302 2802 m
315 2779 371 2802 tutti
386 2779 464 2807 questi
479 2779 620 2806 personaggi
634 2778 724 2801 diremo
733 2778 838 2801 soltanto
852 2778 894 2800 che
904 2776 1010 2799 l'Ottone
1019 2777 1056 2799 Al-

178 2822 263 2846 herini
277 2829 346 2846 verso
359 2823 382 2846 Ιι
395 2823 442 2846 tine
455 2824 576 2847 d'ottobre
590 2824 613 2846 di
628 2823 778 2851 quest'anno,
793 2828 835 2850 per
850 2822 871 2844 la
886 2821 940 2849 iuga
956 2821 992 2843 del
1014 2821 1057 2843 Ve-

177 2871 250 2891 ωοτο
263 2867 294 2891 ἀι
307 2868 379 2891 Ρινίι
393 2868 416 2891 in
425 2874 498 2891 eausa
508 2868 692 2891 deli'interdetto
706 2867 829 2890 fulminato
839 2866 861 2889 al
873 2866 898 2889 13
907 2866 969 2888 dello
979 2867 1058 2888 stesso

178 2916 242 2935 flue
255 2911 285 2935 da
299 2912 495 2942 ΟίονιιιιιὶΧΧΙΙ,
509 2912 535 2935 tu
549 2913 622 2942 eletto
636 2912 729 2935 vlourio
747 2911 855 2939 generale
876 2910 994 2933 vescovile
1015 2915 1056 2937 per

178 2955 200 2978 le
213 2961 284 2979 enm
297 2956 366 2984 civili,
380 2957 404 2980 in
418 2963 465 2980 uno
479 2963 493 2979 a
507 2957 621 2980 Giovannl
643 2956 770 2983 Mangano,
789 2955 907 2978 ricordato
928 2954 965 2976 nel
986 2954 1058 2976 docu-

179 3002 258 3024 uento
270 3001 328 3029 xm,
343 3002 416 3024 eletto
429 3001 522 3024 vicario
536 3001 652 3029 generale,
667 3001 696 3023 ed
711 3006 725 3023 a
740 3000 835 3023 Bellone
850 2999 966 3022 Poverino
987 2998 1060 3021 eletto

178 3044 270 3068 vicario
283 3045 408 3069 criminale.
424 3046 440 3068 n
455 3046 571 3069 Prevosto
585 3045 646 3068 delia
660 3045 701 3068 SS.
717 3044 815 3072 Trintth,
831 3044 854 3066 di
869 3044 905 3067 cui
920 3044 933 3066 e
943 3043 1033 3066 taciuto
1043 3043 1058 3065 il

178 3094 254 3119 nome,
268 3089 282 3113 e
296 3091 351 3119 quel
366 3090 460 3114 Simone
474 3091 586 3119 Folpertl,
600 3091 643 3113 che
662 3090 722 3112 nella
743 3091 821 3112 stessa
835 3089 967 3114 ssoccasione
981 3088 1006 3110 tu
1020 3088 1059 3110 dal

178 3133 285 3158 vescovo
298 3134 396 3159 melaro
415 3135 485 3163 quale
506 3135 624 3158 Econorno
645 3134 842 3157 amministratore
864 3133 900 3156 dei
923 3132 975 3155 beni
996 3132 1057 3154 delia

1099 2775 1190 2798 ‘mensa
1205 2775 1329 2798 vescoviIe.
1345 2775 1364 2796 ii
1379 2773 1459 2796 Priore
1473 2773 1495 2795 di
1511 2772 1533 2795 S.
1549 2772 1671 2795 salvatore
1686 2778 1725 2795 era
1739 2773 1754 2794 ii
1765 2773 1822 2795 noto
1837 2772 1992 2795 Benedettino

1111 2821 1200 2843 Uberto
1215 2819 1333 2846 Beccaria,
1348 2819 1363 2841 il
1378 2819 1446 2846 quale
1461 2823 1500 2840 era
1515 2818 1612 2839 rimasto
1626 2817 1678 2839 solo
1692 2817 1729 2839 nel
1744 2822 1788 2839 suo
1803 2816 1940 2839 monastero
1959 2817 1991 2839 tin

1113 2864 1151 2886 dal
1165 2865 1178 2886 7
1192 2864 1309 2886 dicembre
1324 2863 1361 2885 dei
1378 2863 1437 2890 1326,
1461 2861 1555 2889 quando
1577 2861 1621 2888 egil
1642 2861 1772 2884 accordava
1797 2861 1834 2888 pel
1858 2862 1992 2883 monastero

1111 2914 1157 2931 una
1171 2908 1310 2931 investitura
1325 2907 1354 2929 da
1368 2907 1421 2929 solo
1435 2914 1447 2925 ι
1462 2907 1559 2934 propter
1573 2905 1704 2928 absentiam
1720 2905 1814 2928 abbatis
1829 2907 1852 2927 et
1868 2905 1993 2927 monacho-

1111 2959 1187 2975 rum...
1200 2952 1239 2980 qui
1250 2958 1295 2974 non
1310 2951 1426 2975 suntssausl
1437 2950 1500 2973 stare
1511 2955 1553 2972 nec
1563 2950 1667 2972 habitare
1677 2950 1708 2972 ad
1718 2950 1805 2972 dictum
1817 2950 1992 2976 monasterium,

1114 3003 1190 3025 neque
1206 2997 1228 3019 ln
1242 2997 1338 3019 civitate
1352 2997 1376 3018 et
1390 2995 1499 3018 districtu
1513 2995 1593 3022 Paple,
1609 2995 1707 3022 propter
1721 2994 1834 3016 maximas
1857 3000 1954 3021 guerras
1969 2996 1993 3016 et

1112 3042 1243 3064 discordias
1257 3040 1405 3063 imminentes
1418 3039 1448 3062 ad
1463 3044 1561 3067 presens
1576 3039 1636 3061 inter
1650 3038 1678 3061 D.
1695 3038 1807 3066 Legatum
1824 3037 1912 3060 Summi
1935 3038 1996 3060 Pon-

1114 3087 1191 3113 uncis,
1207 3086 1247 3113 qul
1262 3086 1299 3107 est
1313 3084 1343 3107 ad
1357 3084 1477 3107 civitatem
1492 3083 1575 3106 Parme
1590 3085 1613 3106 et
1629 3083 1754 3110 Placentie,
1770 3084 1814 3105 etc.
1831 3091 1849 3103 ».
1862 3082 1994 3109 Ronoum,

1112 3130 1215 3157 Noti-zie,
1230 3129 1277 3153 voi.
1293 3129 1330 3157 lv,
1346 3130 1413 3157 parte
1429 3129 1445 3156 i,
1460 3134 1514 3156 pag.
1529 3128 1577 3156 287;
1592 3133 1605 3150 e
1620 3129 1687 3155 parte
1702 3127 1728 3155 il,
1744 3132 1797 3154 pag.
1815 3126 1859 3149 101.

1972 3206 1988 3228 ⁵
