2496 3600
2008 255 2050 286 73

336 389 379 415 ne
402 380 652 424 derogatorium
677 381 710 414 et
734 381 827 423 quod
851 381 965 414 omnia
989 383 1022 414 et
1045 381 1180 424 singula
1193 382 1226 414 in
1241 382 1444 415 contrarium
1469 382 1627 416 facientia
1651 384 1717 416 sint
1735 393 1835 417 cassa
1860 387 1892 417 et
1916 385 2006 418 irrita
2020 389 2051 418 et

251 442 354 489 ullius
377 442 503 477 valoris
527 443 561 476 in
586 444 750 485 quantum
774 443 950 476 obstarent
974 444 1218 486 suprascriptis
1243 444 1296 478 vel
1322 444 1422 478 alicui
1449 454 1493 478 ex
1518 445 1578 478 eis.

152 506 204 534 =><
315 503 450 544 Quibus
474 505 524 539 sic
549 505 716 538 consultis
740 506 887 538 surrexit
911 507 944 538 et
968 506 1076 548 surgit
1111 507 1368 548 suprascriptus
1392 506 1434 540 D.
1459 506 1618 541 Potestas
1643 510 1676 541 et
1700 509 1858 550 partitum
1894 509 2051 542 faciendo

162 598 190 616 2
222 561 315 613 ‚dixit
335 568 369 600 et
392 567 474 600 dicit
498 568 534 599 ut
558 567 684 609 quibus
701 575 745 600 ex
770 568 1005 609 suprascripto
1026 568 1170 601 consilio
1191 569 1340 610 placeret
1353 578 1392 602 ac
1407 569 1579 602 videretur
1591 570 1860 612 suprascriptum
1875 573 1907 603 et
1924 571 2050 604 dictum

205 629 405 664 'consilium
429 629 652 671 suprascripti
677 628 719 662 D.
743 629 893 670 Martini,
918 630 976 671 qui
1001 630 1088 663 dixit
1112 632 1145 663 et
1169 631 1340 664 consuluit
1365 633 1400 664 ut
1425 640 1529 673 supra
1553 633 1716 674 scriptum
1749 635 1802 665 est
1830 635 1863 665 et
1897 635 1931 666 ut
1961 634 2049 666 idern

227 689 270 725 D.
293 681 451 724 Potestas
475 688 630 724 recitavit
653 693 686 724 et
710 691 828 724 recitat
852 691 1036 734 vulgariter
1059 693 1294 735 suprascripto
1319 691 1484 734 Consilio,
1509 696 1625 727 essent
1650 703 1717 727 una
1734 703 1814 736 pars
1831 696 1863 727 et
1881 695 2048 735 sederent,

225 753 260 789 et
281 753 408 795 quibus
432 762 499 785 non
523 753 674 795 placeret
698 754 772 786 sive
797 753 890 786 aliud
915 754 1075 796 placeret,
1100 757 1216 788 essent
1240 755 1306 788 alia
1331 765 1411 797 pars
1436 758 1468 789 et
1493 758 1680 798 surgerent.

146 850 160 863 ἶ,
312 813 447 856 Reperti
470 814 606 848 fuerunt
629 824 749 848 omnes
773 815 977 858 infrascripti
1003 814 1196 850 Consiliarii
1223 818 1342 850 sedere
1368 820 1400 850 et
1425 818 1538 851 nullus
1563 827 1702 861 surgere
1739 821 1893 861 repertus
1917 819 1990 859 fuit,
2015 822 2048 852 et

225 877 272 911 ita
302 877 477 911 obtentum
513 876 574 910 fuit
598 879 631 916 et
655 879 707 910 est
731 878 922 910 secundum
958 878 1051 920 quod
1088 887 1193 920 supra
1230 879 1317 912 dixit
1342 882 1374 912 et
1398 880 1570 913 consuluit
1602 882 1858 923 suprascriptus
1887 881 1927 914 D.
1954 882 2046 915 Mar-

223 939 325 973 tinus.
349 937 384 971 ln
409 937 657 973 Reformatione
682 939 781 972 cuius
805 938 960 980 Consilii,
985 940 1075 973 facto
1100 941 1223 982 partito
1249 943 1284 974 ut
1308 950 1422 983 supra,
1448 942 1593 975 obtinuit
1617 945 1650 975 et
1674 943 1804 976 obtinet
1828 944 1955 976 dictum
1971 953 2052 977 con-

223 1000 336 1042 silium
371 1001 594 1043 suprascripti
630 1000 672 1034 D.
708 1001 857 1042 Martini,
893 1003 951 1044 qui
988 1003 1075 1035 dixit
1110 1005 1142 1036 et
1179 1003 1350 1036 consuluit
1376 1006 1411 1036 ut
1435 1013 1539 1046 supra
1576 1005 1776 1045 continetur,
1801 1007 1834 1039 et
1859 1007 1903 1039 ita
1936 1007 2049 1040 dictus

216 1061 266 1102 «D.
289 1062 458 1103 Potestas,
481 1064 660 1105 sequendo
684 1064 825 1098 formam
850 1065 931 1098 dicti
957 1065 1102 1105 consilii,
1138 1066 1338 1099 auctoritate
1363 1069 1395 1099 et
1421 1067 1562 1100 utilitate
1599 1067 1747 1109 publica,
1785 1077 1967 1109 consensu,
1993 1070 2052 1102 de-

203 1111 326 1166 loreto,
349 1125 523 1158 voluntate
547 1127 580 1159 et
603 1127 803 1160 auctoritate
828 1127 1050 1169 suprascripti
1076 1126 1220 1161 Consilii
1246 1130 1279 1161 et
1303 1127 1596 1170 Consiliariorum,
1621 1132 1654 1163 et
1679 1131 1902 1173 suprascripti
1928 1129 2052 1165 Consi-

214 1187 308 1223 ‘·llarii
330 1189 364 1222 et
387 1185 588 1228 Consilium,
613 1197 795 1229 consensu,
820 1189 958 1222 decreto
982 1192 1015 1222 et
1039 1190 1238 1223 auctoritate
1263 1192 1486 1233 suprascripti
1513 1191 1554 1225 D.
1579 1191 1774 1231 Potestatis,
1800 1195 1832 1226 et
1857 1203 1975 1227 omnes
2001 1195 2052 1226 in—

140 1246 164 1299 2}
190 1267 198 1291 χ
213 1249 335 1290 simul,
359 1251 561 1284 unanimiter
584 1252 617 1284 et
641 1250 856 1284 concorditer
879 1253 1041 1291 statuunt,
1067 1251 1259 1292 reformant,
1284 1253 1471 1286 decernunt
1488 1256 1521 1286 et
1537 1254 1705 1294 ordinant,
1723 1256 1922 1295 statuerunt,
1940 1256 2052 1289 firma-

114 1320 117 1323 ’
215 1314 356 1358 2verunt,
372 1313 607 1354 decreverunt,
631 1313 899 1346 reformaverunt
922 1315 955 1346 et
979 1314 1221 1347 ordinaverunt
1239 1315 1271 1347 in
1289 1316 1449 1348 omnibus
1467 1317 1499 1348 et
1516 1325 1577 1358 per
1589 1317 1702 1350 omnia
1717 1319 1751 1350 ut
1765 1326 1870 1359 supra
1887 1319 2050 1360 scripturn

214 1377 286 1416 est,
310 1377 344 1409 et
366 1375 556 1409 secundum
569 1375 662 1417 quod
677 1384 781 1417 supra
794 1377 847 1409 est
863 1376 1090 1417 reformatum,
1116 1378 1148 1410 et
1173 1378 1266 1419 quod
1291 1378 1372 1410 dicti
1397 1378 1518 1411 fratres
1543 1378 1659 1419 libere,
1685 1379 1774 1412 licite
1799 1382 1831 1412 et
1857 1381 1993 1422 impune
2019 1383 2051 1414 et

218 1423 355 1480 'absque
379 1437 646 1474 contradictione
670 1437 816 1471 alicuius
841 1436 1079 1478 ComunItatis,
1104 1438 1261 1479 Paratici,
1288 1440 1341 1472 vel
1367 1439 1530 1480 Persone,
1555 1441 1690 1482 possint
1715 1443 1747 1474 et
1772 1441 1907 1474 valeant
1937 1443 1993 1475 ubi
2019 1445 2051 1475 et

221 1501 391 1543 quatenus
413 1499 465 1533 eis
490 1499 662 1532 videbitur
684 1501 717 1532 et
741 1498 916 1542 placuerit,
941 1502 974 1533 et
999 1501 1032 1533 in
1057 1510 1098 1534 ea
1122 1501 1309 1543 quantitate
1334 1511 1401 1544 que
1426 1503 1477 1535 eis
1502 1502 1678 1544 placuerit,
1704 1512 1827 1545 capere
1845 1505 1878 1536 et
1894 1504 2048 1537 derivare

128 1556 185 1599 -j>
211 1563 257 1597 ret
279 1570 413 1595 menare
438 1561 583 1594 rivulum
607 1562 650 1595 de
675 1562 765 1604 aqua
788 1560 958 1602 Cadrone,
982 1563 1026 1596 ad
1051 1563 1184 1596 hortum
1209 1564 1376 1597 dictorum
1401 1565 1540 1597 fratrum
1565 1574 1627 1607 pro
1652 1566 1812 1607 aquando
1830 1567 1862 1598 et
1879 1566 2051 1609 irrigando

132 1607 167 1663 {
222 1623 350 1659 dictum
374 1624 507 1657 hortum
531 1625 564 1657 et
587 1624 664 1657 aliis
689 1625 894 1658 necessariis
917 1624 1085 1659 faciendis
1110 1626 1143 1658 in
1169 1627 1266 1659 horto
1291 1628 1324 1660 et
1348 1627 1451 1660 domo
1479 1627 1647 1660 dictorum
1684 1627 1833 1668 fratrum,
1859 1630 1891 1661 et
1916 1629 2050 1670 possint

200 1685 386 1727 derivare,
420 1686 545 1719 ducere
570 1688 603 1719 et
627 1695 762 1720 menare
787 1689 820 1720 et
843 1687 970 1720 menari
1006 1687 1118 1721 facere
1151 1688 1194 1721 ad
1230 1688 1358 1722 dictum
1395 1689 1528 1722 hortum
1553 1692 1585 1722 et
1610 1690 1748 1722 domum
1773 1692 1806 1722 et
1830 1699 1891 1732 per
1924 1693 2047 1724 stratas

216 1747 375 1791 publicas
399 1750 432 1782 et
455 1749 608 1791 privatas
631 1749 675 1782 ad
700 1749 827 1782 dictum
853 1749 985 1783 hortum
1010 1752 1043 1783 et
1067 1750 1217 1791 domum,
1234 1757 1267 1784 et
1283 1760 1345 1793 per
1369 1751 1444 1784 loca
1468 1752 1611 1793 privata,
1636 1761 1703 1785 non
1729 1752 1946 1786 obstantibus
1970 1762 2052 1786 con-

206 1809 477 1848 -tradictionibus
501 1812 534 1844 et
558 1811 690 1844 iuribus
714 1811 961 1853 cuiuscumque
986 1810 1224 1852 Comunitatis,
1249 1812 1395 1846 Paratici
1420 1815 1453 1846 et
1477 1813 1640 1854 Persone,
1657 1816 1690 1847 et
1707 1813 1748 1847 D.
1767 1814 1925 1848 Potestas
1943 1814 2048 1857 Papie

137 1858 189 1922 gfff
207 1871 371 1910 sst'eneatur'
395 1872 532 1906 vinculo
556 1871 764 1906 Sacramenti
790 1873 943 1915 predicta
967 1882 1104 1907 servare
1130 1876 1162 1908 et
1187 1875 1315 1908 servari
1341 1875 1464 1916 faeere,
1489 1876 1621 1918 absque
1647 1876 1783 1909 datione
1824 1877 1970 1910 alicuius
1995 1886 2050 1910 sa-

204 1933 354 1981 ,pientiffl
389 1943 457 1968 non
492 1935 650 1968 obstante
686 1935 758 1968 iure
794 1935 910 1977 aliquo
935 1936 988 1969 vel
1014 1938 1141 1970 statuto
1177 1937 1325 1980 generali
1352 1938 1405 1970 vel
1432 1938 1574 1980 speciali
1600 1939 1632 1971 in
1658 1939 1862 1972 contrarium
1888 1939 2043 1973 faciente.

133 1983 193 2042 ᾗῇ’·’“»7-
208 1993 295 2045 flue
319 1996 432 2030 omnia
455 1998 488 2030 et
512 1996 647 2039 singula
671 1997 704 2030 in
729 1997 934 2030 contrarium
959 1997 1116 2038 facentia,
1142 1999 1174 2031 in
1200 2001 1363 2041 quantum
1387 2000 1514 2033 faciant
1539 2000 1592 2033 vel
1617 2000 1767 2034 facerent
1785 2001 1816 2033 in
1835 2002 2050 2041 contrarium,

220 2064 265 2093 ex
288 2060 380 2093 certa
402 2059 546 2092 scientia
570 2061 708 2093 cassant
732 2061 765 2093 et
789 2060 928 2100 irritant,
953 2063 1178 2094 cassaverunt
1203 2063 1235 2094 et
1253 2062 1478 2102 irritaverunt,
1495 2063 1696 2096 auctoritate
1714 2063 1853 2105 publica
1878 2066 2048 2106 surgente.

150 2160 164 2174 ι
210 2119 212 2122 ’
308 2119 349 2155 Et
373 2122 542 2164 magnifici
567 2120 642 2154 DD.
667 2121 837 2162 Potestas,
862 2120 1056 2156 Consiliarii
1082 2125 1115 2156 et
1139 2121 1341 2164 Consilium,
1367 2125 1502 2158 nomine
1527 2127 1560 2158 et
1584 2134 1604 2158 a
1629 2127 1723 2167 parte
1749 2124 1915 2159 Comunis
1933 2125 2050 2168 Papie,

116 2177 134 2189 ⁵
150 2186 165 2231 J
186 2218 187 2223 ,
210 2183 430 2224 ⁴auctoritate,
454 2193 556 2226 quam
581 2184 707 2217 habent
731 2193 751 2217 a
776 2182 921 2218 Comuni
946 2184 1052 2228 Papie
1088 2195 1150 2228 per
1184 2186 1431 2219 ordinationem
1457 2189 1489 2220 et
1514 2187 1786 2220 reformationem
1823 2188 1983 2230 scriptam
2018 2191 2050 2221 et

207 2244 400 2289 .ttadditam
436 2255 498 2288 per
533 2245 693 2280 Iacobum
718 2246 761 2279 de
786 2245 971 2280 Suriascho
997 2249 1175 2288 notarium,
1200 2257 1290 2281 anno
1322 2258 1424 2282 curso
1452 2249 1547 2290 1333,
1573 2250 1757 2283 indictione
1783 2250 1901 2292 prima,
1927 2250 1981 2283 die
2010 2251 2049 2283 13

220 2305 347 2348 Martii,
371 2307 454 2341 hora
477 2309 610 2348 octava,
635 2308 678 2341 de
703 2309 867 2350 predictis
893 2309 982 2343 hanc
1007 2311 1133 2343 cartam
1158 2310 1202 2343 ad
1227 2312 1376 2344 eternam
1403 2312 1448 2344 rei
1475 2312 1670 2344 memoriam
1696 2312 1766 2344 fieri
1786 2315 1990 2354 rogaverunt
2017 2315 2049 2345 et

132 2357 205 2417 ss<
222 2370 352 2412 rogant.
375 2369 598 2403 lnterfuerunt
621 2369 662 2403 D.
689 2369 873 2405 Beccarius
897 2372 940 2405 de
965 2371 1127 2406 Beccaria
1145 2372 1242 2406 miles
1259 2374 1292 2406 et
1310 2372 1422 2415 legum
1440 2373 1570 2413 doctor,
1587 2375 1620 2406 et
1638 2372 1840 2416 Roglerinus
1858 2372 2050 2414 Catassius,

133 2424 170 2477 gs
222 2429 302 2466 inde
325 2433 442 2466 testes.

136 2479 183 2544 γ’
311 2493 384 2537 Ego
418 2493 649 2529 Bernardinus
684 2495 854 2530 Muricula
889 2497 1041 2531 notarius
1077 2495 1243 2531 Comunis
1279 2497 1385 2540 Papie
1418 2498 1462 2531 ad
1498 2497 1652 2532 Consilia
1684 2499 1770 2531 hanc
1807 2500 1932 2531 cartam
1969 2499 2048 2532 mihi

223 2554 295 2589 fleri
319 2555 448 2590 iussam
473 2556 608 2598 scripsi.

2021 3152 2047 3174 10
