2496 3600
1956 201 2026 235 ‘119

1062 435 1171 476 LV.

117 570 147 594 ³„
297 543 542 582 Dispositioni
565 544 835 574 testamentarie
859 545 954 575 della
978 545 1097 575 nobile
1122 546 1309 576 Cortesina
1333 546 1499 576 Beicredi
1523 555 1545 576 a
1568 546 1692 576 favore
1709 546 1767 576 del
1784 546 1967 577 Convento
1992 547 2028 577 di

209 598 245 633 S.
268 597 455 636 Agostino.

886 694 1030 728 1361,
1057 695 1256 728 hagno,
1284 695 1338 721 6.

752 782 854 809 (Archiv.
869 782 893 804 dl
907 781 984 810 Statu,
999 782 1088 805 Milano
1102 794 1129 798 —
1144 782 1251 810 Pergam.
1267 783 1289 805 di
1304 782 1328 806 S.
1343 783 1476 811 Agostino).

279 967 389 1085 D

449 984 483 1012 1Ε
507 979 640 1019 Martis,
665 980 748 1013 hora
772 981 904 1020 octave,
929 980 963 1013 in
988 979 1111 1014 Castro
1135 981 1315 1021 Montaldi,
1341 982 1373 1014 in
1399 982 1502 1029 domo
1527 982 1753 1016 habitacionis
1778 983 1951 1024 quondam
1969 983 2032 1015 do-

471 1043 551 1075 mini
577 1041 721 1078 Rolandi
746 1043 854 1084 patris
878 1043 955 1082 mei,
981 1042 1054 1085 Ego
1079 1041 1266 1076 Cortexina
1289 1043 1358 1076 filia
1382 1044 1555 1085 quondam
1581 1044 1708 1078 nobilis
1733 1045 1795 1077 viri
1813 1045 1941 1078 domini
1963 1044 2030 1080 Ro-

469 1105 561 1139 landi
586 1105 629 1138 de
654 1104 821 1138 Beicredo
845 1105 888 1138 de
913 1105 1093 1138 Montaldo
1118 1107 1150 1139 et
1175 1102 1262 1139 uxor
1297 1106 1470 1148 quondam
1506 1105 1547 1139 D.
1573 1106 1696 1139 Iacomi
1733 1107 1775 1140 de
1811 1106 2030 1140 Beicredo....

131 1150 156 1182 2?
205 1176 267 1212 per
288 1170 481 1211 presentem
506 1177 618 1201 meum
643 1167 912 1209 nuncupativum
949 1169 1233 1201 testamentum...
1269 1168 1314 1201 do
1339 1169 1371 1201 et
1395 1168 1471 1211 lego
1506 1168 1667 1202 fratribus
1703 1169 1812 1202 sancti
1849 1168 2030 1211 Augustini

126 1224 157 1274 ‘j
204 1230 248 1264 de
270 1229 377 1273 Papia
402 1230 506 1264 libras
531 1230 650 1273 viginti
675 1230 902 1272 papienses...
928 1229 969 1263 Et
993 1230 1022 1263 si
1055 1231 1232 1272 contigerit
1267 1239 1326 1272 per
1361 1231 1501 1272 gratiam
1539 1229 1726 1264 Salvatoris
1767 1231 1891 1264 dictam
1927 1231 2030 1264 filiam

205 1301 314 1327 meam
338 1294 420 1326 mori
445 1295 523 1326 ante
547 1301 649 1335 quam
674 1293 773 1325 iverit
795 1292 839 1325 ad
864 1293 1019 1326 maritum
1044 1292 1134 1332 volo,
1158 1293 1312 1326 ordino...
1337 1293 1428 1334 quod
1453 1293 1511 1326 fiat
1535 1294 1568 1326 et
1592 1293 1663 1326 fieri
1683 1293 1805 1326 debeat
1823 1302 1888 1326 una
1902 1294 2032 1335 capella

127 1343 150 1375 ⁵³
205 1356 239 1391 in
262 1355 351 1390 dicta
375 1356 520 1389 ecclesia
536 1352 659 1389 'Sancti
684 1354 865 1397 Augustini
890 1355 933 1388 de
957 1354 1075 1397 Papia,
1107 1361 1169 1397 pro
1193 1364 1262 1397 qua
1297 1356 1428 1397 capella
1463 1356 1690 1389 construenda
1714 1356 1759 1388 do
1783 1357 1815 1389 et
1840 1356 1915 1398 lego
1951 1365 2033 1389 con-

204 1418 319 1452 ventui
341 1417 480 1451 fratrum
504 1416 619 1451 Sancti
644 1416 825 1460 Augustini
850 1417 893 1450 de
918 1416 1026 1459 Papia
1049 1417 1198 1450 florenos
1215 1417 1398 1450 ducentum
1415 1418 1487 1450 auri
1505 1418 1535 1450 ei
1551 1418 1685 1451 dandos
1702 1427 1762 1460 per
1778 1419 2031 1460 suprascriptos

138 1475 159 1526 ‚J
186 1480 345 1523 ,heredes
368 1479 592 1522 suprascripti
616 1479 788 1522 quondam
812 1479 939 1512 domini
965 1479 1087 1512 lacomi
1111 1479 1154 1513 de
1178 1479 1257 1513 dote
1282 1489 1355 1512 mea
1380 1480 1563 1522 predicta...

214 1538 218 1543 ’
291 1542 364 1586 Ego
389 1542 590 1576 Marchinus
615 1541 716 1576 Otius
741 1542 893 1575 notarius
918 1542 1079 1584 publicus
1105 1542 1281 1584 papiensis
1305 1542 1396 1575 filius
1421 1542 1594 1584 quondam
1620 1542 1749 1584 Arpini.

1054 1743 1191 1785 LVI.

273 1844 454 1888 Galeazzo
477 1845 511 1875 11
535 1845 714 1881 Visconti,
742 1853 763 1874 a
787 1845 974 1883 preghiera
999 1844 1058 1875 dei
1090 1844 1264 1882 Religiosi
1300 1844 1358 1874 del
1393 1844 1576 1874 Convento
1601 1844 1636 1874 di
1661 1845 1698 1874 S.
1724 1844 1911 1882 Agosfino,
1950 1853 2033 1874 con-

116 1887 150 1940 3³
206 1898 318 1929 ferma
341 1898 498 1929 l'offerta
523 1907 639 1928 annua
663 1898 720 1928 del
746 1898 914 1934 Comune,
941 1898 985 1928 ed
1009 1898 1135 1928 ordina
1160 1898 1193 1928 si
1215 1897 1371 1936 proceda
1396 1898 1710 1927 sommariamente
1734 1897 1827 1927 nelle
1852 1906 1959 1927 cause
1979 1901 2032 1927 te-

120 1950 147 1983 ῖς»
206 1952 438 1983 stamentarie
462 1961 483 1982 a
507 1952 631 1982 favore
655 1952 692 1982 di
716 1952 804 1982 essi.

798 2048 944 2082 1361,
974 2050 1327 2082 novembre,
1360 2049 1439 2074 16.

738 2136 816 2163 (Arch.
840 2137 926 2160 Museo
950 2136 1039 2164 civico;
1062 2137 1112 2159 Atti
1136 2137 1159 2159 di
1184 2137 1327 2165 provisione,
1352 2142 1426 2164 paceo
1449 2137 1493 2164 28).

274 2321 395 2439 Α
449 2337 529 2366 NNO
553 2342 573 2366 a
597 2333 771 2366 nativitate
795 2332 932 2366 Domini
957 2333 1143 2367 Millesimo
1177 2334 1407 2368 tricentesimo
1437 2335 1653 2377 sexagesimo
1689 2334 1809 2376 primo,
1845 2333 2028 2366 indictione

472 2395 735 2438 quartadecima,
760 2396 815 2429 die
839 2396 968 2436 martis,
992 2396 1228 2430 sextodecimo
1242 2398 1370 2431 mensis
1388 2398 1594 2437 novembris,
1612 2397 1694 2430 hora
1711 2398 1842 2436 octave,
1860 2397 1893 2428 in
1911 2395 2029 2438 Papia,

471 2459 628 2492 videlieet
652 2468 756 2502 super
778 2458 902 2492 Pontili
927 2459 1104 2493 domorum
1130 2460 1349 2493 habitationis
1374 2459 1501 2492 domini
1534 2458 1718 2492 Potestatis
1754 2457 1869 2500 Papie‚
1895 2457 1929 2490 In
1954 2466 2031 2499 pre-

205 2520 315 2554 sentia
338 2521 462 2554 nobilis
487 2521 550 2554 viri
575 2521 703 2554 domini
729 2521 888 2555 Iohannis
912 2522 955 2555 de
979 2521 1149 2555 Pirovano
1173 2521 1355 2555 Potestatis
1381 2521 1496 2563 Papie‚
1522 2521 1652 2563 prefato
1691 2521 1829 2553 domino
1865 2519 2028 2553 Potestati

51 2559 55 2602 ᾗ
205 2580 321 2626 Papie‚
344 2583 475 2626 prefato
498 2583 636 2617 domino
661 2583 823 2617 Potestati
848 2584 983 2618 fuerunt
1006 2586 1039 2618 et
1062 2586 1142 2618 sunt
1165 2586 1356 2627 presentate
1381 2586 1413 2618 et
1437 2584 1587 2617 exhibite
1612 2584 1717 2616 littere
1742 2592 1803 2625 pro
1828 2584 1922 2625 parte
1954 2591 2025 2615 ma-

52 2643 54 2651 '
137 2647 140 2650 ’
204 2645 316 2688 gnifici
340 2646 468 2679 domini
492 2645 628 2680 Domini
653 2647 758 2680 nostri
784 2647 911 2680 domini
936 2645 1063 2680 Galeaz
1087 2647 1303 2680 vicecomitis
1327 2647 1526 2686 Mediolani,
1550 2645 1667 2688 Papie‚
1685 2647 1748 2679 etc.
1770 2645 1954 2700 imperialis
1978 2644 2030 2677 vi-

205 2707 284 2741 carii
308 2703 475 2751 generalis
499 2718 576 2742 cum
601 2709 720 2742 cedula
744 2709 876 2742 inclusa
900 2710 933 2742 in
958 2710 1018 2749 eis,
1043 2707 1176 2752 sigilate
1201 2697 1301 2751 sigilo
1326 2708 1443 2751 prefati
1480 2707 1615 2741 Domini
1653 2708 1768 2748 nostri,
1805 2699 1947 2749 qu'arum
1976 2707 2029 2740 lit-

203 2770 348 2803 terarum
371 2772 467 2804 tenor
490 2772 643 2813 sequitur
667 2772 700 2804 in
727 2772 790 2804 hac
814 2771 936 2805 forma:

292 2830 418 2866 Galeaz
442 2832 639 2867 vicecomes
663 2833 861 2874 Mediolani,
886 2835 948 2867 etc.
974 2834 1158 2876 imperialis
1183 2834 1331 2867 vicarius
1364 2833 1543 2876 generalis.

292 2893 439 2937 Recepta
463 2895 712 2938 supplicatione
735 2895 886 2929 Fratrum
911 2897 1018 2929 sancti
1044 2895 1225 2938 Augustini
1251 2893 1450 2929 Conventus
1475 2894 1591 2937 Papie‚
1616 2895 1714 2928 cuius
1739 2895 1934 2936 exemptum
1964 2894 2024 2927 tibi

53 2955 55 2961 ⁴
111 2935 144 2995 ἺῨ,
204 2956 365 2998 mittimus
390 2957 455 2991 hiis
479 2957 658 2998 inclusum,
682 2958 835 2992 volentes
859 2958 960 2992 dictis
985 2958 1160 2992 Fratribus
1181 2959 1226 2991 ob
1251 2957 1313 2991 Dei
1331 2959 1364 2991 et
1382 2958 1470 2991 beati
1495 2957 1676 3000 Augustini
1698 2957 1917 2992 reverentiam
1935 2965 2027 2990 com-

204 3018 347 3061 placere,
371 3019 530 3054 volumus
553 3021 646 3062 quod
671 3021 771 3054 dictis
796 3020 968 3054 Fratribus
992 3022 1024 3054 et
1048 3019 1250 3060 Conventui,
1274 3020 1317 3053 de
1342 3020 1408 3054 illis
1425 3020 1519 3053 libris
1536 3020 1784 3063 quinquaginta
1800 3019 2025 3062 papiensibus

204 3087 291 3123 quas
313 3081 399 3115 alias
423 3091 483 3124 per
506 3074 835 3116 Comune'nostrum
861 3073 978 3125 Papie‚
1004 3083 1036 3115 in
1062 3081 1151 3115 festo
1175 3082 1263 3115 beati
1289 3081 1469 3125 Augustini
1494 3083 1612 3116 donari
1638 3083 1824 3122 consuevit,
1850 3082 1956 3115 facias
1974 3091 2025 3115 re-
