2496 3600
623 0 1555 35 ·.=1·‡÷m2w:w÷mzavw*vmwwruwet-
1575 23 1589 27 ,.
1662 18 1671 29 ..
1757 10 1767 22 2
1787 7 1843 30 „e

505 242 568 276 150

499 379 644 412 cendum
680 380 757 419 sibi,
793 381 891 422 quasi
928 381 1135 423 quibusdam
1168 380 1335 413 allectivis
1361 381 1568 420 muneribus,
1594 380 1815 423 indulgentiis
1839 381 1967 414 scilicet
1990 383 2023 414 et
2047 381 2319 422 remissionibus,
2382 427 2383 430 Ἰ

499 441 692 482 invitamus,
718 444 753 475 ut
777 443 901 476 exinde
927 443 1111 476 reddantur
1134 443 1248 475 divine
1274 443 1380 484 gratie
1394 443 1554 484 aptiores.
1573 441 1819 476 sanctissimus
1835 443 2005 485 siquidem
2023 443 2056 476 in
2073 441 2210 477 Christo
2226 445 2322 486 pater

497 505 530 536 et
554 504 712 538 dominus
737 507 851 538 noster
874 505 1033 538 dominus
1051 504 1240 538 Bonifatius
1265 504 1381 537 divina
1407 503 1625 538 Providentia
1650 503 1744 547 Papa
1758 513 1869 539 nonus
1882 513 1966 539 suas
1983 505 2083 540 nobis
2100 505 2228 540 litteras
2244 514 2321 549 gra·
2411 492 2415 504 '

500 566 608 600 tiosas
627 567 799 600 concessit
824 567 889 600 sub
915 568 977 600 hac
1002 567 1131 599 forma:

586 628 777 662 Bonifatius
803 629 997 671 Episcopus
1022 638 1144 662 servus
1169 638 1346 663 servorum
1371 628 1434 663 Dei
1460 629 1586 663 dilecto
1609 629 1680 663 filio
1693 627 1858 664 Cosmato
1885 630 1972 664 tituli
1996 633 2115 665 sancte
2139 629 2263 665 Crucis
2286 632 2319 665 in

498 691 678 725 Ierusalem
704 692 894 734 presbitero
919 691 1082 726 cardinali
1099 693 1132 725 et
1145 691 1333 734 apostolice
1346 690 1446 726 Sedis
1460 692 1583 735 legato,
1596 692 1741 726 salutem
1755 694 1788 726 et
1799 692 2025 735 apostolicam
2038 693 2321 728 benedictionem.
2390 731 2392 735 ,

585 752 671 788 Cum
696 756 728 787 te
753 755 794 787 ad
821 754 1002 788 nonnullas
1027 754 1119 788 ltalie
1145 757 1268 796 partes,
1296 763 1357 797 pro
1381 755 1589 797 quibusdam
1614 755 1748 798 magnis
1771 757 1805 789 et
1828 755 1945 789 arduis
1962 756 2119 799 negotiis,
2135 756 2320 791 commisso

495 817 554 850 tibi
581 818 613 849 in
639 817 705 850 illis
730 817 830 858 plene
856 817 1036 859 legationis
1060 817 1186 857 officio,
1212 817 1460 859 presentialiter
1483 817 1706 857 destinemus,
1731 826 1795 851 nos
1808 817 1964 851 volentes
1978 820 2013 851 ut
2026 818 2157 852 illarum
2174 819 2321 861 partium
2368 807 2392 848 1⁴

497 879 617 918 incole,
655 881 818 920 quantum
854 878 1082 921 spiritualium
1123 888 1298 912 munerum
1324 879 1455 921 potiora
1480 880 1571 913 dona
1595 879 1661 913 sibi
1686 880 1863 922 pervenire
1887 881 2135 923 perspexerint,
2159 882 2254 915 tanto
2277 881 2322 916 ad

500 941 635 982 pietatis
660 950 763 982 opera
788 942 980 983 promptius
1003 942 1204 981 animentur,
1230 942 1437 984 presentium
1463 942 1523 975 tibi
1541 943 1739 976 auctoritate
1757 942 1979 976 concedimus
1996 944 2042 982 ut,
2058 943 2218 976 omnibus
2235 951 2315 978 vere
2367 934 2390 966 Ϊ·

496 1004 726 1044 penitentibus
751 1006 783 1036 et
809 1003 990 1043 confessis,
1016 1005 1073 1046 qui
1099 1004 1141 1037 ad
1160 1005 1432 1038 constructiones
1449 1006 1481 1038 et
1499 1005 1730 1047 reparationes
1759 1005 2066 1045 ecclesiarum,aut
2082 1005 2325 1048 Hospitalium,
2366 1017 2380 1053 3·

494 1067 551 1098 aut
577 1065 713 1099 Piorum
740 1066 904 1100 Locorum
930 1067 962 1099 in
989 1067 1109 1100 iisdem
1135 1067 1290 1108 partibus
1315 1068 1585 1107 consistentium,
1611 1076 1732 1101 manus
1757 1068 1968 1110 porrexerint
1995 1067 2190 1108 adiutrices,
2218 1076 2323 1103 unum
2371 1053 2375 1074 ἶ

494 1138 620 1161 annum
645 1133 676 1162 et
702 1129 927 1176 quadraginta
952 1130 1027 1162 dies
1052 1130 1094 1162 de
1121 1130 1282 1163 iniunctis
1306 1131 1356 1163 eis
1382 1130 1587 1172 penitentiis,
1613 1130 1877 1164 misericorditer
1889 1130 2006 1164 valeas
2023 1130 2186 1171 relaxare,
2203 1129 2324 1165 litteris

493 1192 560 1224 tuis
586 1201 690 1234 super
715 1192 910 1226 huiusmodi
937 1193 1159 1235 indulgentiis
1185 1201 1244 1235 per
1268 1194 1299 1226 te
1324 1193 1566 1232 concedendis,
1592 1195 1671 1235 post
1684 1193 1898 1233 decennium,
1923 1202 1942 1226 a
1967 1193 2047 1227 data
2061 1194 2213 1236 ipsorum
2230 1202 2331 1228 com--
2360 1183 2390 1241 ῥ”ξ

497 1255 697 1296 putandum,
723 1256 859 1288 minime
885 1255 1048 1289 valituris.
1075 1254 1151 1288 Dat.
1178 1255 1293 1295 Rome,
1318 1256 1409 1298 apud
1447 1258 1602 1289 sanctum
1640 1255 1786 1295 Petrum,
1812 1255 1866 1299 ill]
1893 1255 2058 1290 kalendas
2082 1255 2209 1296 Martii,
2233 1254 2331 1291 Pon--
2362 1255 2399 1302 'J

498 1318 646 1350 tificatus
671 1319 777 1351 nostri
803 1327 893 1351 anno
918 1319 1038 1360 primo.

585 1378 773 1422 Cupientes
799 1381 899 1423 igitur
924 1383 959 1414 ut
983 1381 1130 1414 ecclesia
1155 1381 1292 1414 fratrum
1319 1381 1563 1414 Heremitarum
1589 1381 1698 1415 sancti
1725 1380 1906 1424 Augustini
1943 1380 2125 1423 papiensis
2161 1381 2330 1424 congruis·
2368 1389 2384 1405 »·

495 1443 683 1476 honoribus
708 1443 940 1486 frequentetur
964 1446 996 1477 et
1022 1446 1057 1477 ut
1081 1442 1330 1478 Christifideles
1344 1453 1386 1477 eo
1400 1444 1562 1477 libentius
1586 1452 1692 1477 causa
1704 1444 1899 1477 devotionis
1917 1444 2091 1477 confluant
2107 1444 2151 1477 ad
2168 1443 2323 1484 eandem,

493 1516 562 1548 quo
588 1506 713 1539 ibidem
739 1507 830 1539 dono
855 1507 991 1540 celestis
1015 1507 1121 1549 gratie
1157 1507 1398 1549 conspexerint
1422 1515 1460 1540 se
1485 1506 1642 1546 refectos,
1667 1507 1710 1540 de
1735 1507 1976 1549 omnipotentis
2001 1505 2064 1540 Dei
2090 1505 2324 1540 misericordia
2370 1494 2386 1518 Γ

494 1572 526 1601 et
552 1568 734 1602 Beatorum
761 1568 849 1602 Petri
876 1572 907 1602 et
932 1569 1028 1602 Pauli
1054 1570 1288 1611 apostolorum
1313 1570 1389 1602 eius
1414 1570 1542 1603 meritis
1566 1571 1599 1603 et
1623 1570 1868 1603 intercessione
1893 1569 2026 1608 confisi,
2058 1569 2219 1602 omnibus
2243 1577 2324 1603 vere
2359 1556 2386 1580 ³

494 1632 724 1673 penitentibus
742 1634 773 1665 et
791 1632 972 1671 confessis,
990 1633 1047 1674 qui
1067 1633 1099 1664 in
1115 1632 1322 1671 Nativitatis,
1344 1630 1636 1671 circumcisionis,
1651 1631 1853 1681 Epiphanie,
1886 1630 2167 1671 Resurrectionis,
2191 1629 2330 1667 Asoen-
2368 1618 2384 1668 v1,

497 1695 616 1733 sionis,
642 1692 806 1736 Corporis
831 1693 967 1727 Domini
987 1695 1092 1727 nostri
1111 1693 1185 1727 lesu
1203 1692 1330 1727 Christi
1348 1696 1381 1727 et
1398 1693 1620 1727 Pentecostes
1638 1703 1700 1727 nec
1717 1703 1784 1727 non
1802 1693 2009 1733 Nativitatis‚
2034 1692 2322 1734 Annuntiationis‚
2339 1690 2342 1693 ’

496 1755 755 1795 Purificationis,
782 1756 1039 1799 Assumptionis
1065 1757 1162 1790 beate
1180 1757 1289 1789 Marie
1307 1756 1456 1799 Virginis
1473 1758 1506 1789 et
1524 1757 1611 1805 beati
1630 1756 1824 1799 Augustini,
1841 1756 2038 1789 Nativitatis
2055 1756 2143 1789 beati
2162 1754 2324 1791 10113111ιί8

494 1818 648 1860 Baptiste
673 1821 704 1852 et
728 1819 962 1861 apostolorum
989 1818 1076 1852 Petri
1102 1821 1134 1852 et
1159 1818 1255 1851 Pauli
1282 1819 1511 1861 predictorum
1537 1820 1568 1851 et
1593 1817 1826 1852 Dedicationis
1852 1819 1962 1860 ipsius
1986 1818 2131 1852 ecclesie
2155 1817 2331 1852 festivita-1

494 1882 586 1915 tibus
611 1884 643 1914 et
667 1883 700 1914 in
718 1882 912 1915 celebritate
930 1881 1090 1925 Omnium
1108 1881 1308 1915 Sanctorum
1326 1883 1359 1914 et
1372 1890 1432 1924 per
1446 1882 1596 1924 ipsarum
1611 1881 1818 1920 Nativitatis,
1833 1881 2034 1923 Epiphanie,
2051 1879 2322 1915 Resurrectionis

495 1954 535 1977 ac
552 1943 776 1977 Ascensionis
801 1946 832 1977 et
858 1943 1022 1986 Corporis
1047 1943 1184 1977 Domini
1203 1945 1308 1977 nostri
1326 1953 1366 1977 ac
1383 1943 1579 1976 Nativitatis
1596 1946 1628 1977 et
1647 1943 1904 1985 Assumptionis
1921 1943 2019 1976 beate
2037 1942 2158 1982 Marie,
2174 1950 2237 1976 nec
2252 1950 2320 1976 non
2363 1939 2383 1989 ᾗ

495 2007 690 2039 Nativitatis
708 2007 795 2040 beati
816 2007 975 2040 Iohannis
993 2006 1146 2048 Baptiste
1171 2009 1203 2039 et
1227 2007 1460 2049 apostolorum
1485 2005 1574 2039 Petri
1600 2007 1632 2039 et
1656 2005 1753 2039 Pauli
1770 2006 2010 2048 predictorum,
2026 2005 2248 2039 festivitatum
2264 2013 2331 2038 oo·
2375 2012 2379 2017 ’

495 2071 593 2102 tavas
618 2071 650 2102 et
674 2079 733 2111 per
759 2079 821 2102 sex
847 2070 920 2102 dies
957 2070 1081 2102 dictam
1118 2069 1337 2102 festivitatem
1374 2068 1596 2102 Pentecostes
1633 2068 1824 2104 immediate
1855 2069 2050 2110 sequentes,
2075 2066 2240 2109 prefatam
2265 2075 2323 2100 ec·-
2361 2063 2395 2115 js:

497 2132 633 2164 clesiam
672 2132 795 2164 devote
833 2132 1045 2164 visitaverint
1081 2134 1113 2164 et
1149 2132 1191 2164 ad
1228 2132 1302 2164 eius
1339 2131 1503 2164 fabricam
1539 2139 1660 2163 manus
1692 2131 1904 2172 porrexerint
1928 2129 2110 2163 adiutrices
2126 2126 2191 2171 (1),
2215 2137 2320 2163 unum
2368 2119 2394 2162 ³s

496 2203 621 2227 annum
647 2197 678 2227 et
703 2195 942 2236 quadraginta,
968 2194 1195 2235 predictarum
1221 2194 1415 2233 litterarum,
1441 2196 1473 2226 et
1497 2193 1724 2236 quadraginta
1747 2193 1824 2226 dies
1847 2194 1962 2226 nostre
1987 2191 2168 2235 legationis
2193 2191 2320 2235 vigore,

496 2257 538 2290 de
565 2257 724 2290 iniunctis
750 2258 800 2290 eis
826 2257 1020 2299 penitentiis
1058 2257 1320 2290 misericorditer
1356 2256 1567 2289 relaxamus:
1605 2255 1827 2289 Presentibus
1851 2255 1966 2297 quoad
2003 2264 2106 2288 unum
2138 2262 2264 2288 annum
2287 2255 2332 2288 et·

497 2320 722 2362 quadraginta
747 2320 789 2352 ad
816 2320 1027 2359 decennium,
1053 2322 1084 2352 et
1109 2319 1222 2361 quoad
1259 2319 1344 2352 alios
1382 2319 1607 2361 quadraginta
1643 2318 1717 2351 dies
1753 2318 1927 2360 perpetuis
1962 2317 2085 2350 futuris
2109 2316 2333 2365 temporibus&
2351 2312 2383 2361 ’ξ

498 2384 679 2416 duraturis.
705 2382 781 2415 Dat.
808 2382 923 2424 Papie,
950 2382 1002 2415 1111
1028 2382 1193 2415 kalendas
1219 2383 1307 2421 maii,
1332 2391 1422 2415 anno
1446 2380 1583 2414 Domini
1609 2381 1789 2414 millesimo
1813 2380 2052 2414 trecentesimo
2087 2379 2331 2422 nonagesimo,-

499 2446 721 2479 Pontificatus
746 2446 865 2487 prefati
892 2444 1028 2478 Domini
1055 2446 1161 2478 nostri
1188 2444 1281 2486 Pape
1307 2454 1397 2477 anno
1421 2444 1540 2486 primo.
1567 2442 1660 2486 Sign.
1686 2442 1818 2476 Petrus.
2362 2430 2369 2437 '

556 2604 587 2629 (l)
603 2604 694 2626 L'aiuto
708 2605 750 2626 che
765 2604 813 2626 cosi
829 2609 958 2630 procurava
974 2604 988 2625 il
1004 2604 1091 2630 Legato
1107 2603 1229 2625 Pontificio
1243 2603 1289 2630 agli
1300 2603 1385 2624 Eremi-
1440 2602 1550 2624 memoria
1565 2602 1588 2623 di
1603 2601 1668 2629 Papa
1683 2601 1812 2624 lnnooenzo
1827 2601 1866 2623 vu
1881 2601 1948 2623 viene
1961 2606 1975 2622 a
1989 2600 2110 2628 collegarsi
2133 2605 2178 2622 con
2198 2599 2276 2627 quen·
2295 2598 2320 2622 (Ι
2364 2600 2377 2612 -’
2390 2629 2394 2632 ⁴

504 2650 551 2671 tani
566 2649 588 2670 di
604 2648 627 2671 S.
643 2649 758 2676 Agostino
781 2655 822 2676 per
837 2649 974 2676 proseguire
988 2649 1010 2670 la
1025 2649 1075 2670 loro
1096 2648 1204 2670 lodevole
1224 2648 1326 2674 impresa
1347 2647 1384 2669 dei
1440 2646 1505 2673 Papa
1519 2647 1650 2669 innocenzo
1665 2646 1682 2668 ΙΙ
1697 2645 1759 2671 (vedl
1774 2646 1834 2668 nelle
1847 2647 1904 2668 note
1912 2645 1935 2667 al
1945 2645 1997 2667 doc.
2009 2645 2068 2671 XVl)
2081 2644 2238 2667 anchusam
2248 2642 2333 2667 11040-
2354 2660 2359 2680 {⁴
2380 2638 2383 2639 ⁷

504 2695 577 2716 lavorl
592 2695 651 2716 nella
665 2694 751 2716 storica
774 2694 877 2720 basilica,
899 2699 938 2715 era
959 2695 1102 2715 certamente
1122 2692 1209 2720 grande
1231 2698 1243 2714 e
1265 2692 1344 2719 percio
1363 2692 1385 2713 la
1441 2691 1580 2718 particulare
1594 2690 1738 2713 benemerito
1753 2690 1813 2712 della
1827 2691 1908 2712 nostra
1922 2689 2025 2712 basilica.
2363 2687 2366 2690 “
