2496 3600
1984 254 2028 287 89

1029 487 1218 529 XLIII.

126 640 153 647 ,Α
292 600 323 631 11
346 599 470 630 Priore
493 598 668 628 Generale
692 597 890 627 Tommaso
913 597 1147 634 d'Argentina
1171 596 1357 627 eomuniea
1385 595 1597 626 au'Abbate
1622 595 1659 625 di
1683 596 1720 626 S.
1746 596 1867 626 Pietro
1892 596 1928 625 in
1952 596 2029 626 Ciel

128 658 154 687 ‘C
206 654 242 687 α’
252 662 316 684 oro
338 653 375 683 la
397 652 535 682 ratifica
570 651 663 682 delle
699 650 945 686 convenzioni,
972 650 1029 680 dei
1052 658 1070 688 5
1095 650 1224 688 giugno
1261 659 1346 688 1331,
1383 650 1473 679 fatta
1497 649 1554 679 nel
1580 649 1744 687 Capitolo
1780 649 1955 679 Generale
1992 650 2028 679 di

138 708 159 747 ,ζ
171 708 174 710 ’
209 706 368 739 Basileu-

870 826 1017 860 1351,
1046 827 1284 860 glugno‚
1315 826 1394 852 13.

706 914 784 940 (Arch.
800 914 823 936 di
838 914 916 942 Stato,
930 914 1020 937 Milano
1035 925 1061 930 —
1076 914 1144 941 Perg.
1159 913 1182 936 di
1197 913 1221 936 S.
1238 913 1317 936 Pletro
1331 914 1354 936 in
1369 913 1418 936 Ciel
1433 913 1456 936 d·
1464 913 1524 938 oro).

131 939 163 956 ειη

152 962 161 971 κ,

287 1099 389 1217 R
446 1116 648 1146 EVERENDO
673 1112 706 1144 in
731 1110 869 1145 Christo
894 1111 984 1144 Patri
1010 1113 1042 1144 et
1066 1111 1206 1144 domino
1231 1112 1370 1144 domino
1395 1111 1556 1153 Philippo
1582 1111 1645 1144 Dei
1671 1112 1778 1154 gratia
1803 1111 1928 1144 Abbati
1959 1121 2032 1144 mo-

467 1175 604 1208 nasterii
629 1173 744 1208 Sancti
770 1174 860 1207 Petri
885 1175 918 1207 in
943 1174 1018 1207 celo
1042 1183 1147 1207 aureo
1170 1175 1212 1207 de
1238 1174 1356 1216 Papia,
1381 1174 1483 1207 frater
1507 1174 1660 1208 Thomas
1685 1175 1822 1208 humilis
1848 1174 1944 1207 Prior
1972 1184 2044 1217 ge·-

131 1278 146 1287 ..
466 1236 591 1269 neralis
627 1235 767 1270 Ordinis
803 1236 954 1270 Fratrum
991 1236 1236 1269 Heremitarum
1261 1235 1376 1270 Sancti
1406 1237 1587 1280 Augustini
1614 1247 1651 1270 se
1676 1239 1783 1270 totum
1808 1238 1851 1270 ad
1878 1238 2028 1271 caritatis

124 1296 158 1349 ’,ζ
174 1298 181 1305 ”
205 1299 372 1342 obsequia
395 1301 463 1332 tarn
488 1299 604 1347 debita
628 1308 730 1341 quam
755 1299 890 1332 devota.

121 1354 124 1355 ⁷
289 1361 342 1395 Ad
366 1363 514 1395 vestram
551 1361 653 1404 cupio
689 1362 867 1403 pervenire
904 1361 1063 1394 noticiam
1092 1362 1301 1403 presentium
1327 1371 1388 1404 per
1411 1365 1573 1402 tenorem,
1599 1363 1691 1404 quod
1717 1363 1750 1395 in
1777 1364 1892 1395 nostro
1918 1361 2032 1396 Gene-

201 1424 266 1459 ‘tali'
285 1422 444 1467 Capitulo
480 1424 668 1457 novissime
703 1424 828 1457 diebus
863 1424 939 1457 istis
964 1425 997 1456 in
1022 1423 1204 1458 Basiliensi
1242 1425 1379 1458 civitate
1404 1425 1577 1458 celebrato
1594 1423 1656 1466 (l),
1682 1425 1724 1458 de
1751 1426 1899 1458 unanimi
1926 1426 2032 1468 magi-

200 1486 344 1525 strorum
379 1495 476 1520 sacre
511 1487 694 1530 theologie,
730 1487 937 1520 difinitorum
973 1487 1115 1529 prefacti
1140 1487 1280 1529 capituli
1305 1497 1345 1521 ac
1371 1488 1479 1521 eciam
1504 1488 1646 1521 aliorum
1672 1488 1810 1521 fratrum
1837 1490 2029 1521 nostrorum

200 1548 326 1584 ibidem
350 1550 590 1583 assistencium
615 1558 806 1583 consenssu
832 1550 958 1592 pariter
980 1551 1013 1583 et
1037 1558 1194 1590 assensu,
1219 1550 1286 1583 sub
1310 1552 1426 1583 tenore
1444 1551 1501 1592 qui
1520 1551 1675 1592 sequitur
1698 1551 1809 1583 extitit
1838 1551 2031 1583 definitum:

147 1602 158 1611 ”
289 1611 368 1646 ltem
392 1613 625 1655 approbamus
661 1613 867 1646 ratificamus
891 1613 924 1646 et
948 1622 992 1646 ex
1017 1614 1109 1646 certa
1144 1613 1288 1646 scientia
1323 1614 1564 1646 confirmamus
1589 1613 1843 1646 convenciones
1868 1615 1900 1646 et
1932 1615 2032 1655 pacta

198 1674 397 1709 facta'inter
420 1675 634 1709 venerabiles
658 1677 691 1708 et
716 1675 896 1718 religiosos
922 1676 1015 1708 viros
1039 1675 1198 1708 dominos
1223 1675 1392 1709 Abbatem
1417 1678 1450 1709 et
1474 1674 1671 1709 Canonicos
1696 1676 1891 1708 monasterii
1911 1674 2025 1709 Sancti

199 1736 290 1772 Petri
313 1738 347 1772 in
371 1738 446 1772 celo
469 1747 574 1772 aureo
597 1738 640 1772 de
665 1737 774 1780 Papia
798 1748 842 1772 ex
867 1747 935 1771 una
959 1740 1065 1780 parte,
1089 1740 1123 1771 et
1139 1737 1303 1772 Ordinem
1329 1739 1480 1772 Fratrum
1508 1738 1755 1771 Heremitarum
1774 1737 1889 1772 Sancti
1915 1738 2032 1781 Augu-

119 1789 166 1849 ‘332
200 1796 279 1836 stini
302 1810 364 1835 nec
389 1810 456 1835 non
481 1800 632 1834 Priorem
669 1800 872 1835 Generalem
897 1803 930 1834 et
956 1802 1137 1835 universos
1162 1801 1296 1835 Fratres
1331 1801 1472 1835 Ordinis
1509 1802 1683 1835 memorati
1710 1810 1753 1834 ex
1779 1803 1873 1843 parte
1910 1801 2030 1835 altera:

198 1870 268 1908 que
291 1865 392 1907 pacta
414 1863 550 1897 fuerunt
573 1864 765 1906 approbata
789 1865 822 1897 et
846 1864 1045 1897 confirmata
1069 1864 1102 1896 in
1127 1862 1298 1906 Capitulis
1323 1863 1552 1898 Generalibus
1577 1864 1737 1897 Veneciis
1761 1866 1794 1897 et
1819 1863 1919 1898 Senis
1944 1865 2034 1898 cele-

123 1916 166 1975 ’ᾗῇ
198 1925 316 1968 lutatis,
340 1926 417 1960 loco
441 1927 684 1960 ratificacionis
719 1928 752 1960 et
787 1927 1072 1967 confirmacionis,
1098 1936 1165 1969 que
1201 1927 1356 1961 obmissa
1391 1927 1515 1961 dicitur
1532 1925 1584 1969 (2)
1617 1928 1649 1960 in
1675 1926 1836 1970 Capitulo
1873 1926 2032 1961 Generali

191 1982 328 2025 *masse
352 1988 534 2029 celebrato,
559 1998 627 2031 que
651 1990 752 2031 pacta
775 1991 808 2022 et
833 1989 1087 2023 convenciones
1112 1990 1145 2022 in
1163 1990 1396 2023 instrumentis
1421 1989 1570 2032 publicis
1588 1990 1666 2023 inde
1685 1990 1861 2030 confectis,
1879 1992 1914 2022 ut
1932 1990 2033 2022 nobis

197 2051 374 2091 asseritur,
397 2050 533 2094 plenius
557 2052 782 2085 continentur.

144 2107 155 2119 ⁴
192 2153 194 2155 ,
289 2113 384 2148 Hanc
407 2113 508 2157 igitur
531 2114 822 2148 confirmationem
846 2117 879 2148 et
903 2115 1159 2148 ratificationem
1196 2115 1296 2149 vobis
1321 2116 1407 2158 patri
1432 2117 1465 2149 et
1489 2116 1639 2155 domino,
1665 2115 1731 2148 sub
1755 2115 1869 2158 sigillo
1894 2124 2036 2157 genera-

200 2176 291 2212 latus
312 2177 415 2211 officii
439 2177 541 2210 michi
565 2178 725 2220 quamvis
761 2177 901 2220 indigno
937 2178 1124 2218 commissi,
1147 2178 1339 2211 transmitto
1363 2178 1572 2220 presentium
1598 2178 1632 2211 in
1656 2180 1784 2218 tenore,
1809 2178 1955 2215 offerens
1981 2186 2033 2210 me

124 2232 158 2276 ἶ
201 2239 313 2283 ipsum
337 2241 370 2273 et
393 2239 527 2273 Fratres
551 2238 692 2273 Ordinis
716 2240 781 2273 mei
806 2240 850 2273 ad
875 2242 989 2274 vestra
1013 2242 1108 2283 grata
1125 2241 1282 2281 servicia,
1299 2250 1362 2283 pro
1379 2249 1495 2283 posse,
1513 2241 1615 2274 corde
1633 2242 1666 2274 et
1682 2241 1796 2274 animo
1814 2239 2036 2273 effectualiter

202 2302 441 2346 prosequenda
456 2299 519 2344 (3).
544 2301 579 2335 ln
603 2311 748 2345 quorum
773 2303 923 2336 omnium
947 2298 1179 2336 testimonium
1203 2305 1237 2337 et
1260 2303 1432 2337 munimen
1457 2303 1606 2346 sigillum
1621 2303 1837 2346 generalatus
1854 2302 1956 2335 officii
1971 2301 2035 2335 Or-

130 2368 149 2415 a·
202 2355 293 2399 dinis
305 2365 460 2408 prelibati
483 2365 702 2407 presentibus
726 2367 779 2399 est
802 2374 1005 2408 appensum.
1029 2365 1154 2399 Datum
1180 2366 1213 2398 in
1238 2365 1386 2406 Basilea,
1403 2365 1502 2399 Anno
1527 2364 1664 2399 Domini
1690 2363 1871 2405 MCCCLl,
1889 2365 1944 2398 die
1962 2364 2034 2397 Xlll

204 2427 333 2462 mensis
357 2426 452 2461 lunii.

138 2616 140 2618 v
236 2585 294 2612 ..(1)
306 2584 324 2608 ΙΙ
337 2585 448 2613 capitolo
471 2585 584 2609 Generale
598 2585 622 2608 dl
637 2585 730 2608 Basilea
743 2585 769 2608 tu
783 2586 924 2613 inaugurato
938 2586 961 2608 la
974 2586 1054 2614 vigilia
1067 2585 1091 2608 dl
1146 2586 1168 2608 la
1182 2586 1252 2615 copia
1266 2586 1374 2608 dell’atfo
1388 2586 1526 2613 capitolare,
1541 2592 1565 2614 o,
1580 2586 1620 2614 piu
1635 2586 1831 2613 probabilmente‚
1846 2585 1931 2612 perche
1946 2585 1993 2608 essi
2008 2585 2030 2608 la

128 2647 132 2651 .
150 2632 159 2637 '⁷
209 2627 349 2652 Pentecoste
361 2629 400 2652 del
415 2630 475 2658 1351,
496 2630 526 2652 ed
546 2630 570 2652 ln
584 2635 639 2653 esso
660 2629 684 2652 tu
706 2629 872 2652 rlconfermato
895 2629 1009 2653 oenemle
1031 2629 1092 2652 inte
1145 2635 1252 2652 avevano
1266 2630 1384 2652 smarrlta.
1400 2630 1424 2652 ln
1439 2630 1493 2658 ogni
1508 2630 1579 2652 modo
1594 2630 1654 2652 frate
1668 2630 1796 2652 Tommaso
1811 2629 1962 2657 d'Argentina
1973 2635 1986 2652 a
1996 2630 2033 2652 to-

124 2668 153 2699 ’ἰ
203 2671 336 2697 ‘Tum-o
350 2674 510 2702 dmi-gentina.
1143 2674 1215 2702 gllere
1230 2675 1284 2702 ogni
1299 2675 1383 2697 timore
1397 2675 1421 2697 fa
1435 2674 1600 2697 riconfermare
1613 2680 1627 2696 a
1648 2674 1740 2696 Basilea
1762 2674 1816 2701 quel
1838 2674 1907 2702 patri,
1929 2675 1971 2696 che
1987 2674 2030 2702 gia

119 2734 134 2743 2
262 2717 295 2744 (2)
307 2717 398 2745 Quem
411 2719 496 2747 quarta
510 2719 602 2742 ratlflcn
616 2718 676 2741 delle
690 2718 851 2746 conventioni,
866 2719 917 2746 che,
933 2718 1038 2741 secondo
1058 2719 1089 2746 gli
1144 2724 1216 2742 erano
1230 2719 1287 2742 stall
1301 2719 1427 2747 approvati
1442 2719 1478 2741 nei
1494 2721 1530 2742 tre
1544 2719 1640 2747 capitoli
1655 2719 1678 2741 dl
1693 2719 1795 2742 Venezia
1809 2719 1871 2745 (doc.
1896 2719 1985 2746 xxw),
2007 2719 2031 2741 dl

209 2761 312 2791 m,
325 2762 450 2786 dovevnno
463 2768 544 2786 essere
557 2763 674 2786 mtifloete
687 2763 819 2786 solamente
833 2764 869 2785 tre
883 2763 955 2790 volte,
965 2763 1046 2785 derivo
1055 2763 1094 2785 dal
1148 2763 1236 2786 Graue
1250 2763 1313 2790 (doc.
1329 2763 1438 2791 xxvnn,
1453 2769 1466 2786 e
1480 2763 1503 2785 dl
1518 2763 1587 2786 Siena
1601 2763 1664 2790 (doc.
1680 2763 1789 2789 xxxnl).

146 2800 154 2831 ,J
204 2798 273 2828 'utto
292 2806 336 2829 elle
349 2806 357 2829 l
372 2806 506 2830 latemneel
520 2807 543 2829 dl
558 2806 582 2830 S.
598 2806 677 2829 Pletro
697 2812 744 2829 non
758 2807 778 2829 si
793 2806 917 2829 neutivano
937 2806 1008 2829 ulturi
1029 2806 1090 2829 della
1197 2806 1228 2833 (3)
1242 2806 1334 2833 Questo
1348 2809 1441 2830 cortese
1455 2807 1484 2829 ed
1499 2807 1628 2830 affectuoso
1642 2807 1785 2835 linguagglo,
1800 2809 1890 2830 mentre
1910 2807 2001 2830 delinea
2015 2807 2031 2829 il

147 2843 153 2848 ’
210 2849 322 2879 mm.
334 2852 452 2874 :vv-enum
465 2856 480 2874 ι
494 2851 582 2875 Graece
595 2851 632 2874 nel
648 2851 700 2875 1335
713 2851 780 2877 (Vedl
795 2851 847 2874 doe.
858 2851 966 2876 xxvnl).
976 2851 993 2873 ll
1003 2851 1092 2874 dubeo
1146 2851 1214 2874 dolce
1232 2852 1348 2874 carattere
1363 2851 1385 2874 dl
1400 2851 1460 2874 frate
1484 2851 1612 2874 Tommaso
1635 2851 1796 2879 d'Argentina,
1820 2852 1934 2874 dimostra
1957 2852 2032 2874 anche

126 2899 128 2903 ’
147 2904 150 2906 v
213 2893 263 2921 nub
274 2898 331 2918 ever
343 2896 417 2918 avuto
430 2895 528 2924 origine,
542 2901 558 2918 o
572 2895 657 2924 perche
671 2896 702 2918 ad
716 2895 764 2918 essi
779 2901 825 2918 non
835 2901 875 2918 era
885 2896 949 2918 stata
963 2896 1092 2918 trasmae:
1146 2901 1192 2918 una
1207 2896 1271 2918 volta
1286 2896 1307 2918 le
1323 2896 1400 2918 huone
1415 2901 1428 2918 e
1442 2895 1538 2919 cordiali
1554 2896 1665 2919 ielazlonl
1679 2896 1716 2919 coi
1732 2896 1874 2919 laten-anesi.

2007 3135 2032 3156 12
