2496 3600
501 137 564 171 124

497 273 635 315 gustini,
660 272 693 305 in
718 272 854 306 civitate
878 271 1083 306 Vercellensi
1108 281 1170 306 sue
1195 273 1348 306 subiecta
1373 272 1554 315 tyrannidi,
1579 273 1613 307 in
1637 273 1786 316 quadam
1811 273 1980 308 camerula
1995 283 2059 309 seu
2075 275 2191 318 potius
2214 284 2322 311 cava

495 334 613 375 ferrea,
639 335 671 368 in
697 337 865 368 conventu
891 334 1089 368 vercellensi
1114 335 1194 368 dicti
1219 333 1371 375 Ordinis,
1396 336 1432 368 ut
1455 335 1604 378 quodam
1629 335 1769 379 palliato
1807 337 1921 371 colore
1955 337 2056 380 quasi
2080 337 2155 381 ipse
2178 347 2247 372 non
2269 339 2324 373 vi-

496 398 615 431 deatur
641 397 704 431 hoc
729 406 839 440 agere,
863 397 945 430 facit
968 397 1108 430 detineri
1133 397 1306 439 captivum
1330 399 1363 430 et
1386 405 1447 440 per
1470 398 1632 432 custodes
1657 398 1762 433 laicos
1786 399 1945 433 continue
1969 400 2143 435 custodiri.

589 459 714 502 Quindi
736 459 760 493 it
783 458 952 501 Pontefice
975 467 1124 500 assegna
1147 458 1172 492 il
1191 459 1311 501 giorno
1333 459 1381 493 28
1401 467 1517 494 marzo
1548 469 1641 494 come
1675 461 1810 495 termine
1839 462 2026 504 perentorio
2045 470 2110 505 per
2129 462 2321 506 compat-lm.

496 525 583 557 sotto
607 522 771 556 minaccia
795 521 831 555 di
853 521 1044 554 scomam'ca
1074 521 1257 563 maggiore,
1283 520 1326 555 ed
1347 521 1465 555 ordina
1487 522 1541 556 sia
1563 531 1691 566 appesa
1729 525 1848 565 questa
1883 522 1974 557 bolla
2007 523 2074 557 alle
2104 526 2200 567 porte
2233 524 2324 559 della

497 585 687 621 Cattedrale
711 584 747 618 di
768 583 943 625 Avtgnone
961 591 1026 625 per
1046 582 1080 616 la
1099 582 1377 626 promulgazione
1399 585 1599 618 necessaria.

586 648 710 681 Datum
736 649 767 680 et
791 648 902 679 aetum
928 644 1100 686 Avinioni,
1125 645 1158 678 in
1184 645 1311 688 palatio
1334 646 1536 689 apostolico,
1560 648 1706 690 septimo
1731 647 1808 682 idus
1833 648 1986 689 ianuarii,
2011 649 2230 692 pontificatus
2261 658 2324 684 no-

496 712 556 745 stri
582 720 672 746 anno
697 711 805 745 tertio.

1315 962 1504 1005 LXIII.

586 1079 684 1117 Papa
709 1079 883 1117 Gregorio
907 1080 956 1110 XI
981 1080 1188 1111 scomunica
1213 1081 1394 1112 Galeazzo
1418 1081 1451 1112 11
1474 1081 1640 1112 visconti
1665 1083 1777 1113 anche
1800 1091 1863 1122 per
1886 1083 1923 1114 la
1938 1083 2116 1127 prigionia
2150 1083 2280 1116 inflitta
2301 1092 2326 1116 ι

493 1133 585 1162 frate
611 1133 785 1163 Giacomo
810 1134 1001 1164 Bussolari
1017 1131 1081 1176 (1).

1147 1258 1305 1292 1373,
1333 1265 1556 1293 marzo,
1585 1259 1677 1286 28·

1072 1347 1177 1374 (Blbllot.
1193 1348 1300 1371 Univers.
1316 1348 1339 1371 di
1355 1348 1460 1376 Bologna
1474 1359 1501 1364 —
1515 1348 1640 1377 Roncom,
1655 1349 1760 1376 Ibidem).

573 1530 687 1651 G
745 1550 910 1581 REGORlO
945 1547 1003 1585 XI,
1040 1548 1207 1580 riassunta
1231 1547 1265 1580 la
1290 1547 1380 1581 bolla
1419 1548 1475 1582 del
1499 1549 1522 1582 7
1550 1547 1702 1582 Gennaio
1741 1548 1836 1593 1373,
1871 1547 2034 1581 ricordate
2067 1549 2264 1581 novamente
2297 1546 2331 1583 le

768 1609 861 1651 colpe
885 1609 941 1642 dei
969 1609 1121 1648 Visconti,
1147 1611 1247 1652 ripere
1264 1610 1323 1653 fra
1346 1611 1454 1653 quelle
1477 1611 1514 1645 di
1538 1610 1711 1646 Galeazzo
1735 1610 1769 1644 la
1788 1611 1960 1654 prigiont‘a
1984 1610 2020 1644 di
2035 1610 2127 1653 frate
2164 1598 2348 1645 Gtacomn'

523 1707 626 1709 -ῌ
767 1671 945 1705 Bussolari
967 1673 1054 1705 cosI:
2360 1671 2389 1712 ’.

588 1732 757 1766 Dilectum
783 1735 922 1776 insuper
945 1735 1051 1768 filium
1077 1735 1235 1768 Iacobum
1260 1737 1302 1769 de
1326 1735 1516 1771 Busulariis
1541 1736 1682 1771 Ordinis
1706 1737 1845 1770 fratrum
1870 1736 2114 1770 Heremitarum
2131 1735 2239 1770 sancti
2255 1734 2330 1770 Au-
2367 1723 2389 1786 '3'

495 1797 636 1838 gustini,
663 1797 695 1829 in
721 1797 856 1830 civitate
882 1797 1085 1831 Vercellensi
1111 1807 1172 1831 sue
1197 1799 1351 1832 subiecta
1375 1799 1557 1842 tyrannidi,
1575 1800 1607 1832 in
1625 1799 1774 1841 quadam
1803 1799 1972 1832 camerula
1999 1783 2060 1832 seu
2089 1799 2204 1841 potius
2216 1792 2328 1833 'cavea
2356 1802 2385 1832 .“-

499 1859 615 1899 ferrea,
642 1860 674 1892 in
700 1862 869 1893 conventu
895 1861 1093 1894 vercellensi
1118 1861 1197 1894 dicti
1223 1860 1374 1902 Ordinis,
1400 1863 1436 1895 ut
1459 1863 1608 1904 quodam
1634 1862 1773 1904 palliato
1797 1861 1909 1895 colore
1947 1862 2047 1904 quasi
2073 1862 2148 1904 ipse
2170 1869 2239 1895 non
2274 1860 2329 1894 vi-

497 1923 631 1955 deretur
657 1923 721 1955 hoc
745 1932 855 1965 agere,
879 1923 1026 1956 faciebat
1049 1924 1189 1957 detineri
1215 1925 1386 1966 captivum
1412 1926 1444 1958 et
1467 1934 1527 1967 per
1551 1925 1712 1958 custodes
1736 1924 1842 1958 laicos
1866 1925 2026 1958 continue
2049 1923 2224 1957 custodiri.
2372 1963 2374 1965 ,

590 1985 716 2026 Quindi
738 1986 905 2019 ricordata
929 1986 963 2019 la
988 1988 1197 2020 contumacia
1221 1986 1276 2020 dei
1305 1987 1457 2026 visconti,
1475 1987 1623 2030 fulmina
1647 1989 1759 2020 contro
1772 1987 1842 2020 loro
1859 1987 1894 2020 la
1909 1987 2110 2020 minacciata
2124 1985 2327 2020 scomunica.

588 2047 711 2080 Datum
738 2048 908 2089 Avinioni‚
934 2050 967 2081 in
993 2049 1119 2091 palatio
1144 2050 1345 2092 apostolico,
1370 2051 1489 2092 quinto
1514 2049 1680 2083 kalendas
1703 2049 1832 2092 aprilis,
1861 2049 2079 2092 pontificatus
2103 2048 2210 2082 nostri
2233 2056 2326 2082 anno
2364 2048 2389 2094 fss

498 2112 606 2143 tertio.

503 2271 543 2293 Ma
565 2271 650 2298 perche
671 2271 686 2292 il
707 2270 769 2293 forte
791 2272 966 2293 attaccamento
990 2271 1027 2293 dei
1052 2271 1135 2294 Pavesi
1157 2272 1179 2294 al
1201 2271 1322 2294 Bussolari
1339 2277 1385 2294 non

502 2317 605 2338 avrebbe
627 2316 736 2338 tollerato
757 2316 920 2343 l'ingeneroso
942 2322 955 2338 e
976 2316 1070 2338 crudele
1089 2317 1291 2344 provvedimento,
1313 2317 1328 2339 il
1350 2317 1388 2339 Vi-

503 2361 587 2388 sconti,
603 2367 646 2383 con
661 2361 683 2382 la
697 2361 807 2388 ipocrisia
828 2361 851 2383 in
873 2361 909 2383 cui
924 2367 963 2383 era
985 2362 1096 2389 maestro,
1111 2361 1161 2384 fece
1176 2362 1198 2383 di
1213 2363 1277 2384 tutto
1292 2368 1334 2389 per
1347 2362 1388 2384 ad-

503 2406 601 2428 dossare
616 2406 637 2428 la
653 2405 834 2432 responsabilita
850 2406 887 2427 del
901 2411 946 2428 suo
957 2406 1057 2428 barbaro
1067 2407 1167 2433 operato
1177 2407 1198 2428 ai
1209 2406 1328 2433 Superiori
1338 2406 1386 2428 del-

502 2450 606 2472 l'Ordine
621 2450 782 2476 Agostiniano.
795 2449 828 2471 Ed
839 2449 1055 2477 infamandoli‚10ce
1063 2455 1175 2477 spargere
1186 2450 1207 2472 la
1217 2455 1275 2472 voce
1285 2451 1328 2472 che
1338 2450 1385 2472 essi

504 2500 545 2521 per
559 2495 581 2516 la
597 2500 640 2516 sua
655 2494 841 2521 disubbidienza,
863 2499 969 2516 avevano
990 2494 1138 2516 condannato
1159 2494 1218 2516 frate
1237 2494 1350 2516 Giacomo
1364 2495 1386 2516 al

503 2540 619 2566 perpetuo
629 2544 736 2565 carcere;
752 2529 794 2560 che
809 2544 851 2565 per
864 2538 946 2560 ordine
960 2538 998 2560 dei
1012 2538 1125 2561 Generale
1135 2544 1174 2560 era
1185 2540 1249 2561 stato
1257 2540 1384 2566 catturato,

504 2589 516 2604 e
531 2584 573 2604 che
588 2583 610 2604 in
625 2583 764 2605 esecuzione
785 2583 845 2605 della
866 2584 978 2605 sentenza
999 2588 1012 2605 e
1033 2589 1074 2610 per
1089 2583 1203 2605 comendo
1225 2583 1286 2606 dello
1305 2585 1384 2606 stesso

503 2627 616 2649 Generale
631 2633 670 2649 era
685 2628 749 2650 stato
763 2629 855 2654 gettato
870 2627 892 2649 in
908 2633 953 2649 una
967 2629 1068 2654 segreta.
1085 2628 1103 2649 E
1117 2633 1159 2654 per
1173 2627 1229 2650 dare
1243 2628 1292 2649 aria
1303 2628 1325 2649 di
1336 2634 1384 2650 cre-

504 2671 593 2693 dibilita
610 2672 728 2698 maggiore
741 2671 787 2693 alla
801 2671 903 2698 infamia,
914 2671 1031 2694 Galeazzo
1039 2671 1135 2699 dispose
1145 2672 1219 2694 chela
1230 2672 1335 2699 prigione
1349 2672 1387 2694 del

504 2715 623 2737 Bussolari
646 2716 709 2738 losse
731 2717 838 2743 appunto
860 2722 943 2743 presso
958 2716 973 2738 il
988 2715 1110 2738 Convento
1125 2716 1279 2743 Agostiniano
1294 2716 1316 2738 di
1332 2717 1387 2738 Ver-

505 2760 563 2786 celli,
585 2761 642 2782 citra
664 2762 773 2787 soggetta
794 2761 839 2782 alla
860 2766 903 2782 sua
924 2761 1048 2783 tirannide.
1068 2761 1294 2788 Disgraziatamente
1309 2767 1351 2788 per
1365 2761 1387 2783 la

505 2804 578 2826 verita
594 2805 689 2832 storica,
704 2805 725 2839 le
739 2805 845 2827 calunnie
856 2805 878 2827 di
889 2805 1006 2827 Galeazzo
1014 2806 1102 2827 ebbero
1111 2806 1134 2827 la
1143 2806 1194 2827 loro
1204 2806 1385 2828 consacrazione

505 2850 563 2870 nelle
579 2850 690 2875 bugiarde
705 2855 718 2871 e
732 2850 868 2876 passionaie
884 2850 967 2877 pagine
991 2850 1146 2878 dell’AZARlQ
1162 2851 1206 2873 loc.
1222 2851 1262 2873 cit.
1278 2851 1322 2873 col.
1336 2851 1385 2879 379,

506 2893 534 2914 da
550 2893 585 2914 cui
601 2894 710 2919 dipesero
724 2894 755 2921 gli
769 2894 850 2916 storici
861 2894 994 2921 posteriori.
1009 2895 1044 2917 Ed
1058 2895 1131 2917 anche
1145 2895 1270 2922 glistorici
1281 2894 1385 2918 dell'Or—

506 2938 558 2959 dine
573 2937 657 2959 turono
679 2938 757 2964 percio
779 2939 885 2965 impediti
900 2939 923 2960 di
938 2944 1065 2961 conoscere
1079 2939 1101 2961 la
1120 2939 1207 2966 verit&
1229 2939 1314 2966 perche
1334 2940 1387 2962 seb-

507 2982 565 3003 bene
579 2982 749 3004 attribuiscano
765 2983 841 3009 quella
857 2983 971 3010 prigionia
985 2988 999 3005 a
1014 2982 1139 3011 Galeazzo,
1161 2985 1306 3007 ammettono
1330 2984 1387 3011 pero

1440 2273 1483 2294 che
1497 2272 1504 2294 i
1518 2271 1638 2300 Superiori
1661 2271 1852 2294 condannassero
1866 2270 1882 2293 ii
1896 2270 2017 2294 Bussolari
2031 2270 2063 2293 nd
2076 2275 2123 2292 um
2143 2270 2260 2297 mpetu.
2271 2273 2324 2293 ent·-
2347 2255 2387 2299 ἦ

1441 2322 1501 2338 cere.
1517 2315 1606 2342 Questa
1621 2322 1718 2339 erronea
1732 2315 1846 2338 credenza
1860 2321 1907 2338 non
1921 2316 2020 2338 tornavn
2033 2314 2064 2337 ad
2078 2319 2151 2336 onore
2164 2313 2194 2336 ne
2207 2312 2270 2336 dene
2280 2317 2324 2336 u-
2366 2308 2389 2348 gs

1440 2361 1512 2383 torita
1527 2360 1683 2388 dell'Ordine,
1698 2360 1792 2388 perche,
1806 2359 1910 2382 secondo
1923 2359 2009 2387 alcuni,
2023 2358 2153 2381 avrebbero
2172 2356 2322 2386 cond-utto

1440 2411 1482 2432 per
1502 2405 1591 2433 ragioni
1613 2405 1724 2432 politicne
1738 2411 1770 2427 un
1784 2405 1919 2431 innocente;
1934 2404 1963 2426 ne
1977 2403 2014 2426 del
2025 2401 2154 2430 Bussohri,
2175 2401 2270 2430 perche,
2283 2405 2323 2424 „v

1439 2449 1516 2472 condo
1525 2450 1587 2477 altrl,
1597 2450 1613 2471 l’
1619 2455 1698 2472 essere
1708 2449 1752 2477 egli
1763 2450 1828 2472 stato
1837 2449 1926 2476 coinito
1935 2447 2100 2470 dall'autoriti
2109 2447 2134 2469 lo
2142 2446 2261 2479 demun
2269 2450 2320 2468 reo.
2352 2444 2378 2461 ‘⁴

1494 2494 1535 2516 Ma
1545 2494 1567 2516 la
1576 2494 1650 2516 intera
1664 2493 1850 2516 riveudicazione
1860 2493 1921 2515 della
1930 2492 2005 2515 verm
2015 2492 2035 2514 ci
2045 2492 2112 2514 viene
2121 2490 2322 2514 lon-tamum
2350 2495 2351 2498 ¹

1439 2539 1469 2561 da
1484 2544 1530 2561 una
1543 2538 1617 2566 tonte,
1631 2539 1674 2561 che
1687 2544 1734 2561 non
1744 2538 1792 2566 ριιὸ
1802 2538 1894 2561 soffrire
1907 2537 2038 2560 eccezione.
2049 2536 2066 2558 n
2077 2536 2220 2563 tranent-nto,
2229 2534 2321 2562 qam
2370 2527 2373 2546 Γ

1438 2583 1548 2611 prezioso
1562 2583 1703 2606 documento
1717 2583 1740 2605 di
1755 2582 1869 2610 Bologna,
1883 2587 1910 2604 se
1924 2581 1937 2604 e
1951 2581 2060 2604 meritam
2081 2580 2203 2603 condannn
2217 2578 2279 2602 dene
2290 2578 2321 2602 fl-
2352 2596 2359 2621 'r

1444 2628 1538 2650 rannica
1555 2628 1665 2655 ipocrisia
1689 2627 1726 2650 del
1746 2627 1860 2654 visconti.
1875 2627 1889 2649 e
1901 2626 1975 2648 anche
1989 2626 2012 2648 la
2025 2625 2160 2647 desiderata
2181 2624 2250 2651 piena
2269 2622 2320 2652 du-
2339 2646 2341 2650 ⁴
2367 2621 2371 2649 f

1441 2673 1587 2695 stiiicazione
1607 2672 1645 2694 del
1667 2671 1787 2694 Bumiari
1802 2677 1815 2694 e
1829 2670 1868 2694 de'
1887 2671 1948 2693 suoi.
1971 2670 2032 2693 Esso
2054 2669 2105 2691 dice
2119 2669 2162 2691 che
2175 2674 2223 2691 nou
2242 2666 2320 2691 iinfl
2347 2666 2372 2704 ζ’ἱ,

1441 2718 1517 2739 hanno
1538 2717 1687 2740 condannato
1707 2717 1723 2739 il
1744 2714 1864 2739 Bussourl
1875 2723 1883 2743 ς
1896 2721 1943 2738 non
1957 2715 1964 2737 i
1978 2714 2032 2737 irati
2047 2715 2071 2737 Ιο
2085 2714 2162 2736 hanno
2175 2713 2282 2736 caeduo
2294 2712 2323 2743 i·¹
2341 2739 2375 2754 :5

1441 2762 1559 2789 prigione;
1574 2767 1620 2784 non
1634 2762 1641 2783 i
1655 2761 1709 2783 irati
1723 2761 1747 2783 lo
1761 2760 1928 2784 custodiaeono
1942 2765 1986 2782 con
2000 2759 2070 2786 vigile
2090 2757 2204 2780 crudelia.
2219 2757 2228 2779 1
2242 2761 2321 2782 um,-

1439 2806 1491 2828 rieri
1506 2812 1566 2828 sono
1580 2806 1640 2833 laici,
1654 2805 1762 2833 aguzzinl
1777 2804 1800 2827 dl
1813 2804 1943 2831 Galeazzm
1957 2803 2069 2831 peggiore
2082 2802 2198 2830 aguzzino
2212 2801 2248 2824 tn
2261 2799 2322 2824 tum
2331 2811 2347 2839 ᾗ,

1439 2851 1484 2878 egli
1499 2852 1586 2877 stesso,
1601 2850 1685 2877 perche
1699 2855 1746 2872 uon
1759 2850 1790 2872 Ιιι
1803 2854 1909 2876 ueppure
1923 2848 1939 2871 ii
1952 2848 2064 2875 coraggio
2084 2847 2123 2869 del
2144 2845 2286 2869 malianore.
2298 2842 2321 2869 Ι

1437 2894 1498 2917 tatto
1513 2895 1526 2917 e
1540 2895 1651 2917 taimente
1665 2894 1794 2921 minorue,
1807 2894 1851 2916 che
1864 2893 1882 2915 il
1895 2892 2015 2915 Pouteflce
2036 2897 2083 2914 non
2097 2892 2118 2914 si
2132 2891 2208 2919 perita
2222 2890 2246 2912 di
2260 2889 2319 2913 net·
2338 2902 2355 2926 ,2
2361 2886 2370 2924 Σ,

1441 2940 1500 2962 terlo
1514 2939 1549 2962 ira
1563 2940 1585 2962 le
1599 2939 1687 2962 causali
1701 2939 1762 2962 della
1776 2938 1919 2961 scomunica.
2349 2940 2362 2972 δ·

1494 2983 1524 3011 (l)
1540 2985 1570 3006 La
1585 2984 1722 3012 gravissima
1744 2988 1804 3011 pena
1824 2981 1886 3005 della
1905 2981 2048 3009 scomunicn,
2062 2981 2163 3004 lanciata
2176 2981 2259 3003 contro
2273 2978 2320 3002 0·-
2356 2990 2376 3018 :⁸

2373 3024 2379 3036 1
