2496 3600
486 148 550 181 114

478 291 520 316 ne
545 284 669 323 autem,
694 291 755 317 seu
780 282 864 326 quid
900 283 1004 323 aliud,
1039 291 1182 325 quaeso,
1206 283 1270 322 est,
1294 283 1434 324 propter
1457 281 1550 324 quod
1576 283 1612 315 ut
1636 281 1727 316 labia
1750 283 1809 316 tua
1832 282 1974 325 aperiat,
2008 282 2163 325 quotidie
2194 281 2305 317 Deum

478 345 612 388 rogas?
636 344 734 385 Vide,
759 354 830 385 oro,
855 345 937 387 quid
963 345 1129 387 postules,
1154 344 1237 386 quid
1262 343 1463 386 promittas!
1488 341 1583 377 Petis
1607 345 1643 377 ut
1666 344 1807 387 aperiat,
1832 346 1917 388 puto
1951 353 2019 378 non
2055 346 2092 379 ut
2129 345 2303 379 hominum

478 408 622 447 cladem,
646 407 708 441 sed
734 409 769 440 ut
794 406 856 440 Dei
883 398 1018 440 laudem
1044 406 1181 440 nunciet
1205 414 1246 439 os
1269 407 1375 439 tuum.
1400 404 1502 445 Quod
1527 414 1629 448 quam
1653 406 1799 440 fideliter
1822 406 1966 449 impleas
1989 408 2026 441 tu
2049 407 2173 451 cogita.
2205 405 2306 442 Certe

479 470 534 503 ille
559 478 690 512 pacem,
715 471 750 503 tu
775 469 980 503 contrarium
1006 469 1198 511 praedicas,
1222 467 1265 501 ad
1290 467 1434 501 litteram
1457 467 1616 502 fortassis
1640 468 1833 512 intelligens
1849 469 2085 512 evangelicum
2102 469 2205 503 illud:
2229 469 2307 504 Non

479 533 552 566 veni
571 541 690 575 pacem
713 533 839 565 mittere
862 531 924 565 sed
942 531 1104 573 gladium.
1130 528 1202 564 Cur
1225 539 1292 564 non
1317 531 1433 573 potius
1457 530 1500 564 ad
1526 531 1560 564 id
1585 531 1741 573 respicis,
1773 532 1867 574 quod
1902 533 1977 566 sine
2012 531 2198 575 allegorico
2232 534 2307 576 teg-

480 595 569 628 mine
595 595 685 628 nuda
724 594 850 628 veritas
874 593 1014 627 clamat:
1050 593 1125 626 Hoc
1148 594 1199 626 est
1216 594 1428 635 praeceptum
1451 601 1559 627 meum
1583 595 1620 627 ut
1641 593 1791 636 diligatis
1813 595 1972 634 invicem,-
1994 594 2134 637 Diligite
2156 595 2309 630 inimicos

479 659 620 696 vestros,·
644 655 837 698 Benefacite
861 655 914 688 his
937 655 996 697 qai
1019 663 1078 688 vos
1100 654 1255 694 oderant,-
1278 654 1402 688 Pacem
1427 655 1546 689 habete
1569 656 1655 689 inter
1675 664 1755 696 vos,-
1789 657 1848 699 qui
1880 657 2041 699 quotiens
2065 657 2214 700 aliquem
2238 657 2308 691 sal-

479 721 596 753 vasset
621 719 684 752 hoc
709 718 779 751 fere
804 727 880 751 cum
906 717 1058 759 alloquio
1083 717 1291 751 dimittebat:
1323 717 1413 751 Vade
1436 718 1469 751 in
1489 726 1593 760 pace:
1619 720 1652 752 et
1675 718 1719 752 ad
1744 719 1936 762 discipulos
1960 720 2138 763 ingressus
2163 720 2228 754 hoc
2253 728 2311 754 sa-
2373 703 2403 757 ss

480 782 654 815 lutationis
678 789 802 824 genere
828 780 874 813 uti
900 780 1050 813 solebat:
1075 778 1153 813 Pax
1177 779 1278 818 vobis,
1305 780 1427 814 eodem
1451 780 1529 814 illos
1554 781 1600 814 uti
1626 781 1752 815 debere
1777 782 2011 824 praecipiens;
2036 784 2212 825 postremo
2249 782 2309 825 qui

480 844 621 883 eisdem,
658 852 747 885 quos
783 842 883 876 valde
920 842 1087 876 dilexerat
1111 844 1143 875 et
1168 842 1332 885 diligebat
1357 843 1390 876 in
1414 843 1527 883 finem,
1552 844 1618 877 iam
1643 844 1740 878 morti
1772 845 1962 887 proximus,
1986 853 2148 888 supremo
2171 845 2311 888 eloquio

480 916 599 948 pacem
625 906 719 939 dedit
743 914 782 938 ac
809 904 977 947 reliquit?
1002 904 1055 938 Tu
1080 905 1210 947 populo
1233 907 1293 938 tuo
1317 905 1400 947 quid
1418 906 1468 939 sis
1485 906 1634 940 moriens
1652 907 1832 940 relicturus
1849 907 1967 941 nescio
1983 904 2054 949 (9):
2078 909 2169 942 certe
2186 907 2310 942 vivens

481 969 606 1002 bellum
632 968 678 1001 illi
704 970 736 1001 et
761 968 897 1001 labores
922 969 954 1000 et
979 968 1155 1010 impensas
1179 969 1212 1001 et
1236 967 1440 1002 multiforme
1465 969 1654 1011 periculum
1677 959 1858 1003 acervasti.
1883 969 2056 1010 Quantum
2081 971 2161 1004 mihi
2179 970 2309 1005 videris

481 1032 609 1064 oblitus
635 1031 748 1064 omnia
773 1039 1011 1072 quaecumque
1036 1030 1190 1064 conferre
1214 1032 1371 1073 poterant
1395 1031 1438 1064 ad
1464 1031 1620 1072 salutem,
1645 1032 1735 1065 illam
1761 1033 1794 1065 in
1819 1033 1938 1075 primis
1966 1033 2164 1075 parabolam
2189 1031 2311 1068 Salva-

481 1094 575 1133 toris,
601 1102 702 1135 quam
726 1093 884 1126 fortassis
910 1093 988 1126 ideo
1013 1093 1176 1135 despicis,
1202 1093 1282 1135 quia
1308 1093 1418 1127 Lucas
1443 1094 1540 1127 solus
1564 1103 1639 1127 eam
1664 1095 1791 1137 posuit,
1827 1103 1889 1128 seu
1925 1096 2041 1129 turrim
2065 1096 2222 1136 erecturi,
2246 1103 2310 1146 seu

482 1157 525 1189 ad
551 1156 676 1189 bellum
701 1155 896 1198 profecturi,
921 1157 1024 1198 atque
1049 1157 1126 1188 ante
1151 1164 1254 1197 quam
1279 1164 1368 1198 opus
1392 1157 1621 1199 aggrediatur,
1646 1159 1806 1200 sumptus
1829 1158 1944 1200 operis
1960 1160 2019 1192 aut
2035 1158 2186 1192 militiam
2218 1167 2313 1192 com-

482 1219 643 1261 putantis.
670 1217 766 1258 Quae
791 1219 998 1261 negligentia
1024 1227 1157 1260 quaeve
1182 1219 1420 1261 praecipitatio
1445 1229 1512 1252 non
1538 1222 1714 1263 rogantem
1739 1229 1780 1254 ea
1804 1229 1892 1262 quae
1918 1222 2015 1263 pacis
2039 1223 2129 1261 sunt,
2154 1221 2216 1256 sed
2240 1230 2313 1256 ma-

483 1283 554 1315 iora
579 1282 710 1314 viribus
735 1290 856 1314 ausum
881 1283 913 1314 te
938 1281 1056 1314 merito
1080 1281 1210 1323 perdet,
1247 1283 1283 1314 ut
1317 1290 1475 1324 auguror.
1512 1281 1604 1316 Bene
1640 1283 1798 1324 quidem;
1834 1284 1937 1317 modo
1961 1293 2003 1317 ne
2027 1284 2129 1317 unius
2163 1284 2313 1318 hominis

484 1345 579 1377 ruina
604 1344 769 1386 populum
795 1345 924 1385 premat
949 1344 1163 1384 immeritum,
1189 1353 1290 1386 quem
1314 1344 1432 1378 audire
1458 1354 1525 1378 non
1550 1345 1646 1385 sinis,
1671 1354 1741 1387 quo
1766 1346 1885 1379 salvus
1909 1348 1943 1380 et
1966 1347 2132 1380 innocens
2156 1355 2314 1389 perman-

484 1408 598 1447 sisset,
624 1407 706 1439 illud
732 1406 969 1448 Apostolicum
994 1407 1037 1439 ad
1063 1406 1258 1440 Haebreos:
1283 1406 1407 1440 Pacem
1431 1408 1610 1449 sequimini
1631 1416 1704 1440 cam
1729 1408 1882 1442 omnibus
1905 1410 1939 1442 et
1959 1410 2224 1448 sanctimoniam,
2239 1409 2314 1443 sine
2370 1419 2371 1422 ¹

484 1478 551 1511 qua
575 1478 670 1502 nemo
696 1468 819 1502 videbit
840 1469 958 1501 Deum.
985 1467 1033 1502 O!
1060 1469 1180 1511 ingens
1205 1469 1397 1502 aestimatio
1414 1478 1540 1511 parvae
1566 1470 1624 1510 rei,
1649 1471 1717 1503 tam
1742 1470 1868 1504 multos
1892 1479 1971 1504 esse
1988 1471 2209 1505 calamitosos
2224 1473 2262 1505 ut
2276 1473 2314 1506 tu

480 1532 630 1564 disertus
656 1539 835 1573 appareas,
861 1532 894 1563 et
919 1531 1020 1564 unius
1045 1531 1180 1573 linguae
1205 1531 1326 1564 falsam
1350 1531 1493 1573 gloriam
1517 1533 1567 1565 tot
1591 1533 1758 1566 mortibus
1782 1534 1884 1575 atque
1909 1533 2110 1567 vulneribus
2145 1535 2313 1568 constare.

485 1593 700 1635 Quamquam
737 1593 819 1635 quid
856 1602 921 1635 ego
958 1594 1044 1626 hanc
1081 1593 1213 1626 frivolis
1238 1595 1271 1626 et
1296 1594 1456 1627 inanibus
1493 1594 1698 1628 coniecturis
1734 1595 1899 1628 malorum
1926 1596 2156 1638 praesentium
2173 1604 2314 1630 causam

485 1666 625 1698 quaero,
661 1666 750 1698 quae
775 1657 803 1689 si
830 1665 910 1689 vera
947 1658 1050 1696 esset,
1087 1657 1178 1689 haud
1215 1657 1319 1689 dubie
1355 1657 1434 1699 plus
1459 1657 1503 1690 sit
1527 1658 1687 1691 vanitatis
1707 1646 1880 1692 *habitura
1904 1667 2007 1701 quam
2032 1659 2215 1694 criminis?
2238 1658 2316 1694 Alia

488 1720 627 1762 quidem
653 1722 686 1753 et
711 1720 822 1753 verior
846 1721 878 1753 et
902 1720 1039 1762 gravior
1062 1728 1168 1753 causa
1193 1722 1256 1753 est.
1282 1719 1467 1762 Aliquanto
1491 1720 1594 1754 altius
1617 1729 1720 1763 quam
1746 1721 1790 1754 ad
1815 1722 1924 1755 solam
1949 1722 2164 1764 eloquentiae
2188 1722 2338 1756 famam.
2366 1767 2370 1770 Π
2395 1735 2402 1754 .-

486 1783 609 1816 tendis.
636 1782 738 1824 Atqui
765 1791 924 1815 romanos
949 1783 1055 1815 duces
1080 1785 1311 1825 externosque
1335 1783 1525 1816 considera.
1551 1783 1689 1816 Nullum
1714 1784 1806 1826 apud
1832 1793 1896 1818 nos
1920 1785 2088 1828 propositi
2105 1785 2184 1819 talis
2199 1793 2318 1819 exem·
2360 1773 2403 1827 ,

488 1846 592 1888 plum,
618 1846 746 1878 nullum
772 1846 894 1878 similis
919 1846 1084 1878 audaciae
1110 1846 1232 1879 ducem
1259 1846 1377 1879 habes.
1403 1845 1490 1885 Quis
1515 1847 1602 1879 enim
1629 1847 1767 1880 inermis
1784 1848 1919 1890 linguae
1936 1848 2061 1881 fiducia
2076 1848 2143 1882 tale
2168 1856 2318 1890 unquam

487 1909 616 1950 aliquid
641 1917 828 1950 aggressus
853 1908 936 1941 est?
962 1908 1036 1941 Nisi
1062 1906 1263 1942 Ciceronem
1290 1909 1370 1941 mihi
1400 1909 1515 1942 forsan
1533 1910 1689 1950 obiicias,
1706 1910 1764 1952 qui
1782 1910 1870 1950 licet,
1886 1912 1923 1944 ut
1939 1910 2078 1951 scimus,
2095 1909 2319 1953 omnipotenti
2375 1913 2402 1960 ζῇ·

487 1971 647 2004 facundia
671 1971 825 2004 terruerit
850 1973 952 2012 atque
977 1971 1059 2004 urbe
1096 1972 1284 2013 propulerit
1320 1970 1511 2012 Catilinam,
1547 1974 1659 2005 tamen
1684 1975 1717 2006 et
1741 1973 1941 2006 consulatus
1973 1973 2067 2006 illum
2091 1981 2177 2006 suus
2200 1974 2235 2006 et
2257 1971 2320 2007 Se-

489 2035 589 2066 natus
615 2042 654 2066 ac
680 2034 805 2066 civium
831 2042 1023 2066 consensus
1048 2034 1211 2074 armabat,
1237 2043 1299 2066 nec
1323 2034 1478 2076 privatus
1503 2035 1578 2076 ipse
1603 2035 1669 2068 sibi
1695 2035 1872 2077 imperium
1898 2035 2094 2077 quaerebat,
2119 2035 2181 2068 sed
2205 2034 2320 2078 reipu-
2372 2022 2400 2065 ³5³

489 2096 597 2129 blicae
623 2096 822 2129 libertatem.
848 2095 1000 2129 Obiicies
1025 2095 1241 2129 Pisistratum
1267 2096 1524 2130 Atheniensium
1549 2099 1740 2140 tyrannum,
1776 2107 1876 2140 quem
1902 2098 1979 2131 licet
2002 2084 2319 2140 eloquentissimum

490 2167 556 2190 non
583 2159 746 2200 ignorem,
771 2158 826 2191 ille
850 2160 963 2191 tamen
988 2161 1020 2191 et
1045 2159 1160 2201 lingua
1185 2161 1335 2192 armatus
1360 2161 1392 2192 et
1415 2159 1541 2202 gladio,
1578 2160 1706 2193 servire
1730 2160 1796 2193 sibi
1825 2161 1967 2203 patriam
2003 2161 2123 2203 coegit.
2148 2159 2247 2194 Unus
2274 2167 2319 2193 ex
2374 2162 2378 2186 ῖ

490 2221 649 2254 omnibus
674 2220 832 2261 Pericles,
857 2222 914 2263 qui
941 2223 1061 2263 postea
1087 2221 1197 2255 locum
1223 2222 1296 2256 eius
1321 2223 1472 2264 arripuit,
1509 2223 1570 2256 tibi
1606 2232 1729 2265 magna
1753 2232 1796 2256 ex
1821 2225 1916 2265 parte
1951 2223 2074 2257 similis
2097 2223 2248 2263 videtur;
2273 2221 2321 2256 si-
2364 2215 2398 2260 ⁴ss

490 2285 627 2326 quidem
652 2286 782 2317 tantum
807 2285 923 2317 inermi
949 2285 1108 2318 facundia
1133 2286 1240 2318 valuit
1264 2288 1428 2327 quantum
1454 2286 1509 2319 ille
1535 2286 1687 2319 valuerat
1722 2288 1865 2326 armata;
1901 2287 2016 2329 itaque
2046 2286 2320 2319 florentissimam
2374 2276 2397 2321 ,ἓῖ

492 2348 608 2380 urbem
634 2356 804 2380 summum
830 2346 995 2381 Graeciae
1020 2348 1125 2381 decus
1150 2348 1254 2381 fando
1281 2358 1421 2391 pessum
1448 2349 1551 2382 dedit.
1585 2348 1653 2383 Sed
1678 2351 1711 2382 et
1738 2350 1792 2382 hic
1828 2358 1967 2392 quoque
1997 2349 2180 2382 diversitas
2215 2347 2320 2383 multa
2370 2338 2399 2386 ὲ,

491 2412 552 2442 est.
579 2410 636 2442 llle
661 2411 750 2442 enim
776 2419 921 2452 magnus
947 2411 1107 2452 princeps
1143 2411 1237 2444 nullo
1273 2411 1454 2454 religiosae
1479 2412 1654 2445 servitutis
1679 2413 1847 2454 compede
1871 2412 2078 2452 obstrictus;
2102 2413 2138 2444 tu
2162 2419 2181 2444 e
2205 2410 2321 2444 radice
2359 2399 2401 2458 7²3³*

492 2473 607 2505 humili
645 2474 787 2506 veniens
813 2476 845 2506 et
870 2475 1104 2515 paupertatem
1130 2476 1163 2507 et
1187 2475 1417 2507 obedientiam
1454 2475 1644 2516 professus,
1669 2476 1727 2517 qui
1753 2476 1899 2509 subesse
1935 2475 2146 2518 pauperibus
2181 2473 2319 2514 vovisti,

492 2536 656 2569 divitibus
682 2536 735 2569 vis
760 2545 930 2578 praeesse,
956 2538 988 2569 et
1013 2539 1048 2569 ut
1073 2538 1142 2569 voti
1169 2538 1270 2570 huius
1295 2538 1500 2579 iniquissimi
1526 2547 1669 2580 compos
1693 2539 1753 2578 sis,
1778 2540 1928 2581 praestat
1952 2538 2012 2571 tibi
2038 2547 2105 2571 non
2129 2539 2197 2570 tam
2224 2538 2320 2572 tuum

492 2598 589 2639 lepos
614 2595 671 2639 (ne
697 2599 775 2631 hinc
800 2599 900 2632 valde
925 2597 1167 2641 complaceas),
1193 2609 1295 2641 quam
1320 2602 1454 2633 tuorum
1480 2601 1606 2633 civium
1643 2602 1726 2634 mira
1761 2601 1974 2643 simplicitas,
1998 2609 2098 2642 quos·
2112 2609 2156 2633 ex
2180 2601 2320 2633 ore‘tuo
2351 2591 2391 2646 ῖῆ

493 2661 721 2702 pendentibus
747 2661 856 2694 hamis
881 2663 1002 2703 captos
1019 2671 1059 2695 eo
1076 2662 1193 2702 trahis,
1219 2663 1309 2695 unde
1327 2663 1407 2695 mihi
1426 2663 1524 2696 crede
1541 2673 1608 2696 non
1626 2664 1787 2697 retrahes.
1812 2662 1903 2703 Quid
1922 2664 1999 2696 hinc
2015 2664 2125 2696 dicam
2139 2663 2159 2696 P
2183 2662 2320 2696 Utinam

493 2725 560 2759 tam
585 2723 662 2756 fidei
687 2725 765 2756 tuae
789 2733 927 2766 possem
952 2733 1054 2766 quam
1081 2717 1231 2767 ingenio
1252 2726 1421 2768 gratulari.
1459 2725 1616 2759 Profecto
1651 2727 1680 2759 si
1706 2727 1848 2769 patriam
1883 2735 2016 2760 amares
2053 2727 2191 2759 matrem
2216 2726 2249 2758 et
2271 2725 2323 2758 al-

494 2785 610 2817 tricem
635 2788 737 2825 tuam,
762 2786 807 2818 illi
834 2787 948 2828 potius
973 2789 1005 2820 te
1029 2797 1131 2829 quam
1157 2788 1246 2821 illam
1272 2788 1477 2828 subiiceres;
1503 2798 1593 2822 nunc
1618 2791 1653 2822 ut
1677 2790 1881 2822 contrarium
1918 2789 2004 2822 velle
2040 2788 2244 2827 damnabile,
2267 2787 2320 2821 sic
2374 2781 2399 2825 ἕρ,

495 2849 624 2880 tantum
650 2857 753 2889 posse
779 2850 931 2882 mirabile
955 2852 1015 2883 est.
1042 2849 1163 2884 Gaude
1189 2851 1324 2884 iterum:
1351 2860 1439 2884 unus
1464 2853 1499 2884 tu
1524 2861 1542 2885 e
1567 2853 1698 2885 cunctis
1729 2853 1825 2885 terris
1849 2861 1888 2885 ac
1912 2852 2058 2885 saeculis
2094 2852 2320 2892 incomitatus,

553 3004 584 3029 (9)
599 3004 642 3030 Qui
658 3005 672 3026 il
689 3005 797 3027 Petrarca
812 3012 858 3028 non
873 3006 897 3028 fu
913 3007 1012 3033 profeta.
1024 3008 1040 3029 11
1051 3007 1171 3030 Bussolarl
1183 3009 1295 3031 morendo
1309 3009 1382 3031 luscio
1437 3009 1484 3031 fino
1498 3009 1520 3031 ai
1535 3010 1609 3031 nostrl
1624 3010 1698 3037 giomi
1713 3015 1741 3031 ne
1755 3010 1815 3032 ebbe
1829 3015 1883 3032 cara
1898 3015 1911 3032 e
1926 3010 2034 3037 pretiosa
2048 3010 2070 3032 la
2085 3010 2204 3033 memorIa.

501 3049 626 3071 un'eterna
642 3049 730 3071 eredita
746 3050 768 3071 di
783 3051 866 3073 aftetto
880 3051 902 3073 al
917 3052 1014 3079 popolo,
1025 3053 1066 3075 che
1081 3053 1103 3075 lo
1118 3053 1222 3076 acclamo
1232 3054 1311 3081 beato,
1322 3060 1335 3076 e
1345 3055 1387 3076 che
