2496 3600
1989 196 2046 228 111

231 325 351 361 oculos
374 327 476 367 atque
499 333 600 358 aures
625 324 819 358 sanioribus
843 324 997 357 consiliis
1021 324 1250 365 obstruxerat,
1275 324 1358 357 illud
1383 334 1526 358 acumen
1544 325 1669 367 ingenii
1694 326 1740 358 tui
1766 328 1799 359 et
1823 327 2052 368 eloquentiam

231 387 375 423 coelitus
409 387 523 421 datam
559 387 631 426 tibi,
667 396 769 428 quam
805 386 977 420 irritandis
1012 387 1135 420 animis
1174 389 1308 420 tuorum
1332 387 1458 420 civium
1494 384 1544 427 (in
1569 387 1673 429 quod,
1699 397 1784 429 pace
1809 390 1867 421 tua
1896 389 2053 429 dixerim,

229 449 456 495 plausibiliter
479 449 644 482 hactenus
668 449 783 494 potius
808 458 910 491 quam
935 449 1116 482 salubriter
1140 446 1340 490 intendisti),
1366 449 1431 482 iam
1457 449 1593 482 tandem
1611 450 1654 482 ad
1672 450 1811 483 meliora
1836 453 2055 484 converteres

229 514 275 554 et,
298 512 391 555 quod
415 512 563 544 maxime
587 513 620 544 te
644 511 800 551 decebat,
836 511 1030 553 religiosam
1066 512 1213 544 animam
1249 512 1404 553 pacificis
1439 512 1640 544 tractatibus
1671 512 1865 553 applicares
1889 510 1951 554 (l).
1976 513 2053 545 Non

132 563 184 612 5²3·
233 575 316 609 dura
352 574 491 616 quidem
527 582 639 615 neque
676 573 828 606 difficilia
863 573 1092 615 postulabam,
1118 575 1153 606 ut
1177 573 1359 616 Augustini
1385 574 1483 607 miles
1507 583 1547 607 ac
1572 574 1764 616 discipulus
1789 584 1909 616 pacem
1935 575 2055 614 velles,

133 626 182 672 ζ-
231 637 414 680 praecipue
438 636 519 669 dum
543 636 680 669 audires
705 636 828 669 ducem
852 645 892 669 ac
918 636 1116 678 magistrum
1152 638 1246 669 tuum
1282 645 1359 669 curn
1396 645 1500 678 saepe
1525 636 1611 669 alias
1634 638 1704 669 tum
1729 637 1931 678 expressius
1956 638 1989 669 in
2015 646 2058 670 eo

229 699 317 733 libro
340 698 374 731 in
398 707 467 740 quo
491 697 652 731 coelestis
675 699 708 730 et
732 699 889 731 aeternae
925 697 1147 740 Reipublicae
1183 698 1278 740 leges
1313 699 1443 737 tractat,
1468 698 1617 740 quodam
1655 698 1731 731 loco
1755 699 1798 731 de
1823 708 1908 741 pace
1933 700 1983 732 sic
2009 699 2058 731 lo-

230 762 407 804 quentem:
439 771 453 785 «
477 759 624 793 Tantum
650 762 702 793 est
726 760 827 800 enim,
853 761 973 802 inquit,
998 761 1095 802 pacis
1120 760 1248 793 bonum
1274 762 1309 793 ut
1333 761 1434 793 etiam
1460 761 1492 792 in
1518 761 1622 793 rebus
1646 761 1788 794 terrenis
1813 763 1915 803 atque
1934 763 2059 794 morta-

231 823 322 856 libus
345 821 427 855 nihil
452 822 582 864 gratius
606 822 716 855 soleat
739 822 860 861 audiri,
885 822 966 854 nihil
992 822 1256 855 desiderabilius
1281 822 1492 864 concupisci,
1510 822 1592 855 nihil
1610 825 1783 864 postremo
1808 824 1918 865 possit
1935 823 2058 856 melius

228 885 373 919 inveniri
397 899 430 924 »,
455 886 488 917 et
513 886 592 926 post
616 884 813 926 paululum:
844 895 858 909 «
882 883 977 917 Sicut
1002 894 1112 924 nemo,
1138 885 1257 926 inquit,
1282 886 1335 917 est
1359 885 1416 926 qui
1442 885 1591 927 gaudere
1617 885 1710 925 nolit,
1736 886 1781 918 ita
1806 895 1905 918 nemo
1929 887 1981 918 est
1999 885 2057 927 qui

231 956 351 990 pacem
376 947 502 980 habere
527 946 628 992 nolit;
654 947 933 988 quandoquidem
958 948 991 980 et
1016 947 1081 988 ipsi
1107 947 1164 988 qui
1191 946 1280 979 bella
1305 946 1424 979 volunt
1441 946 1522 979 nihil
1537 947 1756 989 aliud‚quam
1774 948 1910 980 vincere
1928 947 2056 980 volunt.

230 1008 284 1043 Ad
308 1009 492 1052 gloriosam
517 1017 598 1051 ergo
623 1018 742 1050 pacem
767 1008 927 1042 bellando
952 1009 1094 1050 cupiunt
1118 1009 1296 1050 pervenire
1320 1023 1351 1041 ».
1378 1008 1418 1041 Et
1442 1017 1577 1042 sursus:
1609 1020 1623 1033 ¹
1647 1009 1728 1042 Paci
1755 1010 1855 1052 igitur
1886 1011 2058 1052 geruntur,

229 1071 350 1114 inquit,
375 1073 407 1104 et
432 1071 522 1104 bella
546 1072 590 1104 ab
615 1071 669 1104 his
693 1071 806 1110 etiam,
842 1071 900 1112 qui
937 1071 1094 1103 virtutem
1132 1070 1288 1104 bellicam
1325 1071 1464 1103 student
1488 1080 1648 1104 exercere
1688 1072 1888 1113 imperando
1913 1074 1971 1104 aut
1995 1081 2059 1113 pu-

232 1134 379 1179 gnando.
406 1133 505 1168 Unde
530 1143 651 1176 pacem
676 1135 811 1166 constat
836 1133 915 1166 belli
940 1142 1019 1166 esse
1044 1133 1229 1175 optabilem
1254 1134 1365 1166 finem.
1392 1132 1513 1166 Omnis
1538 1134 1627 1166 enim
1653 1135 1754 1167 homo
1791 1135 1891 1167 etiam
1917 1134 2059 1177 bellige-

231 1196 338 1231 rando
373 1205 493 1238 pacem
519 1196 658 1238 requirit
681 1210 712 1228 ».
739 1196 773 1228 ln
798 1205 867 1237 quo
903 1196 1041 1237 quidem
1078 1194 1236 1228 Ciceroni
1270 1196 1449 1235 consentit,
1487 1196 1544 1228 ubi
1581 1197 1803 1238 suscipienda
1828 1197 1917 1229 bella
1941 1197 1987 1229 ait
2012 1197 2058 1229 ob

230 1268 306 1293 eam
333 1268 483 1299 causam,
509 1260 544 1291 ut
569 1259 642 1291 sine
667 1259 788 1291 iniuria
813 1259 845 1290 in
871 1267 956 1300 pace
982 1258 1126 1291 vivatur.
1162 1258 1239 1290 Non
1275 1267 1431 1300 exequor
1465 1267 1552 1300 quae
1579 1258 1704 1291 ibidem
1730 1258 1943 1301 Augustinus
1968 1259 2058 1292 idem

229 1321 349 1355 divino
373 1322 509 1354 strinxit
533 1321 681 1363 ingenio,
706 1321 799 1362 quod
825 1322 857 1354 et
881 1321 941 1353 tibi
967 1320 1147 1353 notissima
1172 1320 1249 1360 sint,
1275 1322 1308 1353 et
1333 1321 1413 1352 mihi
1438 1321 1688 1362 providendum
1708 1331 1748 1354 ne
1774 1322 1802 1354 si
1828 1323 1951 1354 cuncta
1968 1331 2062 1354 com-

233 1383 334 1427 plecti
359 1383 473 1423 velim,
498 1383 698 1426 magnitudo
722 1392 832 1416 rerum
859 1382 997 1415 modum
1034 1383 1148 1415 vincat
1183 1382 1360 1424 epistolae.
1398 1381 1551 1421 Quorum
1575 1385 1687 1416 tamen
1713 1383 1770 1416 illa
1794 1383 1971 1416 conclusio
1996 1386 2059 1423 est,

187 1438 191 1439 ⁷
230 1447 269 1479 ut
290 1454 424 1478 omnem
443 1454 541 1478 usum
567 1454 677 1478 rerum
701 1444 938 1487 temporalium
963 1445 1007 1478 ad
1031 1445 1178 1477 fructum
1202 1446 1355 1478 terrenae
1380 1445 1477 1487 pacis
1495 1445 1527 1477 in
1545 1447 1677 1478 terrena
1702 1446 1850 1485 civitate,
1867 1446 1900 1478 in
1918 1446 2059 1478 coelesti

232 1509 344 1542 autem
370 1507 413 1540 ad
438 1508 536 1550 pacis
560 1509 718 1540 aeternae
753 1507 899 1540 fructum
936 1506 1150 1540 referendum
1186 1515 1264 1539 esse
1289 1507 1428 1540 definiat
1445 1504 1507 1548 (2).
1534 1506 1631 1546 Quae
1656 1517 1733 1540 curn
1759 1508 1804 1540 ita
1829 1509 1956 1547 essent,
1982 1517 2062 1549 spe-

233 1571 360 1615 rabam,
383 1570 502 1610 fateor,
527 1579 626 1603 omne
652 1570 802 1612 quidem,
827 1569 906 1602 licet
929 1569 1038 1609 ferox,
1063 1570 1125 1602 sed
1150 1570 1183 1602 in
1209 1570 1328 1611 primis
1365 1570 1494 1603 ratione
1530 1572 1630 1603 utens
1665 1570 1800 1610 animal,
1834 1571 1898 1603 hoc
1925 1572 1977 1603 est
2002 1571 2063 1603 ho-

233 1633 368 1672 minem,
393 1633 447 1665 cui
473 1641 554 1665 vera
578 1632 710 1665 scilieet
734 1633 814 1665 insit
838 1632 1042 1671 humanitas,
1068 1632 1118 1664 sic
1143 1633 1220 1664 ante
1245 1632 1332 1665 alios
1357 1632 1513 1665 homines
1537 1634 1580 1672 te,
1606 1633 1660 1665 cui
1679 1634 1711 1665 et
1729 1633 1813 1665 ratio
1827 1642 1904 1666 esse
1923 1633 2063 1666 deberet

236 1695 372 1729 uberior
395 1697 439 1733 et,
452 1695 636 1738 singularis
662 1695 780 1738 religio
805 1704 845 1728 ac
870 1695 991 1736 pietas,
1017 1703 1137 1736 pacem
1162 1703 1286 1734 amare,
1304 1703 1424 1736 pacem
1443 1704 1606 1736 quaerere
1614 1705 1622 1735 ;
1640 1704 1762 1737 nempe
1780 1696 1837 1737 qui
1855 1696 1915 1728 tibi
1934 1696 2061 1728 dictum

235 1758 394 1791 crederes
430 1757 637 1790 Davidicum
674 1757 756 1790 illud
793 1757 887 1799 quod
924 1757 1128 1799 saepissime
1165 1757 1385 1790 decantares:
1410 1757 1539 1798 Inquire
1558 1766 1678 1799 pacem
1703 1760 1736 1790 et
1753 1766 1949 1799 persequere
1974 1767 2066 1797 eam,-

125 1805 138 1862 ζ
166 1810 186 1843 »Ὗ
231 1819 299 1854 nisi
323 1819 408 1853 forte
434 1819 531 1853 dicas
555 1821 588 1853 te
613 1819 706 1853 illam
732 1820 849 1862 utique
875 1820 1048 1862 persequi,
1074 1819 1132 1861 qui
1157 1828 1242 1859 eam,
1269 1821 1304 1852 ut
1329 1819 1498 1859 videmus,
1523 1820 1650 1853 finibus
1679 1820 1747 1853 tuis
1765 1820 1899 1862 pulsam
1925 1820 2065 1853 exulare

234 1883 400 1925 coegeris.
426 1881 494 1916 Sed
519 1882 602 1925 quid
627 1883 740 1916 eidem
773 1883 867 1925 regio
900 1882 1087 1924 prophetae
1124 1882 1271 1915 dicimus
1296 1882 1472 1915 clamanti:
1508 1882 1641 1924 Rogare
1673 1891 1760 1924 quae
1784 1882 1831 1915 ad
1848 1891 1967 1924 pacem
1992 1885 2070 1915 sunt

234 1943 444 1978 Jerusalem?
467 1946 524 1987 qui
550 1946 665 1978 sciens
690 1945 723 1977 in
749 1954 834 1987 pace
860 1954 994 1978 omnem
1020 1945 1186 1978 bonorum
1212 1945 1455 1977 abundantiam
1473 1953 1562 1984 esse,
1581 1954 1715 1978 omnem
1734 1946 1906 1985 iustitiam,
1932 1955 2065 1978 omnem

237 2007 498 2042 delectationem
523 2017 562 2041 ac
587 2009 781 2041 sanctarum
806 2008 994 2040 animarum
1021 2007 1182 2049 requiem,
1208 2007 1287 2040 vide
1312 2007 1394 2048 quid
1420 2007 1568 2040 addidit:
1595 2007 1639 2040 Et
1662 2007 1902 2040 abundantiam
1927 2007 2068 2049 diligen-

290 2163 322 2190 (1)
335 2163 493 2187 chhiarlamo
516 2164 597 2186 subito
620 2165 662 2187 che
677 2164 692 2186 11
707 2165 841 2192 linguaggio
864 2164 997 2192 adoperato
1020 2164 1058 2186 dal
1083 2164 1125 2187 Pe·

235 2209 315 2235 ,trarca
329 2209 352 2231 in
367 2210 452 2236 questa
467 2209 551 2231 lettera
566 2215 612 2231 non
627 2209 657 2236 gli
672 2211 741 2232 torna
755 2209 785 2231 ad
796 2215 880 2231 onore.
903 2210 952 2237 Egll
976 2210 1015 2237 qui
1036 2215 1082 2231 non
1102 2210 1122 2231 sl

239 2254 327 2276 mostra
341 2253 411 2281 altro,
426 2253 469 2275 che
483 2259 514 2275 un
535 2253 665 2281 cortigiano
687 2253 724 2275 dei
746 2253 860 2281 Viscontl,
882 2254 904 2276 ai
926 2254 989 2281 quall
1011 2259 1078 2276 cerea
1099 2254 1122 2275 di

235 2296 288 2320 fare
301 2298 402 2320 servizio
417 2298 570 2325 calpestando
584 2298 674 2320 l'onore
689 2298 838 2321 immaculato
853 2298 876 2320 dl
891 2304 923 2320 un
937 2299 1027 2320 lllustre
1041 2299 1126 2326 amico,

238 2342 336 2370 proprio
357 2342 394 2364 nel
415 2343 534 2364 momento
549 2343 572 2364 ln
593 2343 631 2364 cul
646 2343 668 2364 la
682 2343 757 2370 figura
772 2343 795 2365 di
810 2343 842 2364 lul
863 2343 1043 2370 giganteggiava
1066 2343 1126 2365 nella

235 2386 304 2416 ,virile
318 2386 394 2409 ditesa
407 2387 468 2409 della
483 2387 560 2414 patria
574 2387 680 2414 assalita,
695 2392 708 2409 e
723 2387 760 2409 del
775 2387 935 2415 concittadlni,
950 2387 992 2409 che
1007 2387 1066 2409 nelle
1081 2393 1124 2409 sue

239 2431 300 2453 mani
314 2436 421 2454 avevano
440 2431 539 2454 affidato
553 2431 575 2453 la
590 2432 686 2459 propria
707 2431 885 2459 indlpendenza.
902 2432 910 2453 1
924 2431 1014 2459 volgari
1035 2432 1124 2459 insultl,

232 2475 338 2498 ‘l'amara
352 2475 434 2503 ironia,
458 2476 511 2498 anzi
526 2476 542 2498 il
556 2476 651 2498 crudele
665 2482 794 2504 sarcasmo,
809 2476 870 2498 onde
891 2476 935 2503 egll
957 2476 1123 2498 direttamente

235 2521 331 2543 attacta
345 2520 537 2547 l'lrreprensibile
551 2526 654 2547 persona
668 2520 706 2542 del
720 2521 831 2548 religioso
845 2526 858 2542 e
873 2520 910 2542 del
925 2521 1038 2548 patriota,
1062 2526 1125 2542 men-

239 2565 275 2587 tre
288 2569 332 2587 con
347 2565 457 2592 ipocrisis
472 2565 503 2592 gli
518 2565 538 2587 si
553 2564 661 2592 professa
684 2565 760 2587 amico
775 2570 787 2587 e
801 2564 902 2592 fratello,
923 2570 936 2587 e
957 2565 988 2592 gli
1010 2564 1125 2592 protonde

238 2608 287 2631 lodi
301 2609 331 2631 ed
344 2609 487 2636 adulazioni,
501 2615 562 2632 sono
585 2611 720 2632 veramente
741 2609 833 2636 indegni
849 2609 886 2631 del
900 2609 988 2636 grande
1010 2611 1089 2636 poeta,
1111 2615 1124 2631 e

237 2652 344 2676 tormanu
359 2659 405 2675 una
419 2653 543 2676 eceezione
557 2653 708 2680 deplorevole
722 2653 768 2676 allo
783 2653 867 2681 spirito
881 2653 911 2676 ad
933 2653 978 2676 alle
999 2653 1059 2680 idee,
1083 2653 1126 2675 che

239 2696 364 2719 domitiano
378 2697 415 2719 nel
430 2703 475 2719 suo
489 2697 635 2724 epistolario.
651 2697 699 2719 Ben
714 2697 765 2719 dice
780 2697 795 2719 il
810 2697 948 2724 ΜΑΟΕΝΤΑ,
968 2703 1005 2724 ορ.
1021 2697 1061 2719 cit.
1084 2702 1124 2724 pa-

238 2741 293 2768 gina
305 2741 340 2768 59.
355 2748 367 2759 «
382 2742 424 2764 che
439 2741 533 2764 davanti
548 2742 593 2764 alla
608 2741 682 2764 verita
697 2741 734 2763 dei
749 2741 801 2764 iatri
816 2747 876 2764 sono
885 2747 945 2764 vane
955 2741 976 2763 le
986 2741 1095 2769 apologie
1105 2749 1125 2763 ·.

241 2785 260 2808 Ε
273 2785 349 2808 ditatu
364 2786 386 2808 13
403 2786 530 2813 generallta
554 2786 590 2808 dei
615 2786 714 2813 biogratl
738 2786 775 2808 del
800 2786 910 2809 Petrarca
924 2787 947 2808 lo
961 2787 1038 2808 hanno
1061 2791 1126 2808 acre·

240 2831 318 2852 mente
340 2831 466 2853 eensurato
488 2836 530 2858 per
551 2832 636 2858 questa
660 2831 780 2853 invettlva.
806 2831 838 2853 Lo
862 2832 941 2853 stesso
963 2830 990 2852 A.
1013 2831 1108 2853 HORTIS
1117 2847 1123 2857 ,

241 2873 326 2898 &rim
339 2874 426 2897 :nediu
439 2875 466 2897 d!
479 2875 503 2897 F.
519 2874 594 2902 Petr„
609 2864 661 2902 cap.
677 2875 715 2902 lv,
731 2880 784 2902 pag.
802 2875 847 2902 177,
863 2875 905 2897 che
920 2875 1002 2897 rltiene
1021 2875 1057 2896 col
1072 2874 1122 2896 Μό-

238 2917 315 2942 deret
329 2919 344 2941 11
359 2919 469 2942 petrarca
483 2925 529 2942 non
543 2925 600 2942 aver
614 2920 659 2942 mal
674 2919 807 2942 sacrificato
822 2920 843 2941 la
858 2919 942 2942 liberta
956 2920 978 2941 al
993 2920 1071 2941 volere
1086 2919 1123 2941 dei

235 2961 354 2991 visconti,
368 2964 435 2986 sente
449 2963 464 2986 11
479 2963 578 2991 bisogno
593 2963 615 2986 dl
630 2963 679 2986 tare
694 2963 862 2986 un'eccezione
877 2969 919 2990 per
934 2964 1018 2990 questa
1032 2963 1124 2985 lettera.

236 3005 268 3029 [ι
281 3006 379 3035 razloni,
393 3013 438 3030 con
452 3007 490 3030 cui
505 3008 604 3035 qualche
618 3008 728 3030 scrittore
742 3009 836 3030 recente
850 3008 880 3030 ha
894 3009 988 3030 cercato
1003 3007 1025 3029 di
1041 3007 1123 3034 giusti-

239 3049 310 3073 flmre
323 3050 339 3073 11
353 3050 472 3078 Petrarca,
487 3057 534 3074 non
548 3052 625 3074 hanno
639 3051 713 3074 iorza.
729 3051 814 3074 Poicne
829 3051 844 3074 11
859 3051 908 3074 dire
923 3052 965 3074 che
980 3051 994 3073 11
1010 3051 1120 3073 Petrarca

200 3103 202 3105 ·
238 3093 289 3121 pub
314 3099 385 3118 avere
407 3095 491 3118 scr-ltro
512 3095 589 3123 quella
610 3096 694 3118 lettera
718 3096 740 3118 dl
765 3096 861 3123 proprlo
884 3095 986 3123 impulso
1010 3101 1023 3117 e
1046 3100 1118 3117 senza

1179 2165 1280 2187 incarico
1295 2164 1332 2186 dei
1348 2164 1462 2191 Visconti,
1484 2164 1544 2186 oltre
1564 2164 1595 2186 ad
1616 2170 1695 2186 essere
1717 2170 1763 2186 una
1784 2165 1887 2191 gratuita
1910 2170 1923 2186 e
1945 2170 1990 2186 non
2012 2170 2066 2191 pro-

1179 2209 1256 2230 babile
1271 2209 1449 2235 suppositione,
1471 2214 1574 2235 aggrava
1596 2209 1779 2235 maggiormente
1795 2209 1816 2230 la
1834 2208 1956 2235 posizione
1978 2209 2065 2230 morale

1177 2253 1215 2275 del
1230 2252 1348 2275 Petrarca.
1365 2253 1382 2274 ll
1397 2252 1446 2274 dire
1461 2253 1503 2275 che
1517 2253 1570 2274 altri
1593 2253 1783 2279 contemporanei
1803 2253 1880 2274 hanno
1902 2253 2027 2274 biasirnato
2050 2253 2064 2274 il

1182 2297 1302 2319 Bussolari
1317 2303 1331 2319 3
1347 2297 1492 2324 simiglianza
1507 2297 1544 2319 del
1559 2298 1639 2324 poeta,
1655 2303 1700 2318 non
1716 2297 1736 2323 e,
1757 2297 1798 2318 che
1821 2298 1915 2323 portare
1939 2297 1961 2318 in
1984 2302 2065 2318 mezzo

1181 2342 1203 2363 la
1231 2342 1282 2363 sola
1306 2341 1410 2364 autorita
1439 2341 1493 2363 dell'
1503 2341 1596 2368 Azario,
1619 2341 1649 2362 da
1670 2341 1706 2363 cui
1731 2341 1951 2368 disgraziatamente
1980 2341 1996 2362 il
2020 2341 2066 2363 Vil-

1177 2387 1223 2408 lani
1239 2386 1268 2408 ed
1282 2386 1335 2408 altri
1351 2386 1476 2408 dovettero
1491 2385 1632 2412 dipendere:
1648 2385 1677 2407 ed
1692 2391 1786 2412 ognuno
1801 2391 1828 2407 sa
1843 2386 1884 2407 che
1899 2385 1914 2406 l'
1926 2385 2010 2407 Azario
2025 2391 2064 2407 era

1180 2437 1211 2453 un
1231 2430 1412 2458 impiegatuccio
1433 2430 1456 2452 al
1470 2430 1571 2452 servizio
1593 2429 1629 2451 dei
1654 2430 1767 2455 Viseonti,
1787 2430 1839 2451 solo
1859 2430 1935 2451 inteso
1954 2435 1967 2451 a
1987 2435 2066 2451 racco-

1177 2475 1248 2502 gliere
1263 2475 1299 2497 cio
1323 2476 1365 2497 che
1379 2475 1483 2497 avrebbe
1505 2475 1591 2501 potuto
1615 2475 1695 2496 tornar
1719 2474 1823 2495 d'onore
1842 2474 1863 2495 ai
1884 2474 1981 2500 padroni
2002 2474 2062 2495 suoi.

1180 2520 1198 2542 Ε
1212 2520 1254 2541 che
1264 2519 1366 2541 l'Azario
1381 2525 1427 2541 non
1442 2519 1517 2541 meriti
1532 2518 1585 2540 fede
1599 2519 1682 2540 alcuna
1698 2519 1719 2540 in
1735 2518 1771 2540 cio
1786 2518 1828 2540 che
1843 2523 1910 2539 narra
1925 2517 1962 2539 del
1978 2517 2065 2539 Busso-

1179 2564 1220 2586 lari
1236 2564 1248 2586 ὲ
1263 2564 1342 2586 chiaro
1357 2563 1418 2585 dalla
1433 2564 1524 2585 sciocca
1540 2563 1668 2590 malignita,
1683 2568 1726 2584 con
1742 2563 1778 2584 cui
1794 2562 1816 2584 lo
1830 2567 1916 2584 accusa
1932 2562 2026 2588 persino
2041 2562 2063 2583 di

1178 2608 1309 2630 violazione
1324 2608 1346 2629 di
1362 2608 1438 2634 sigillo
1453 2607 1634 2629 sacramentale!
1650 2607 1704 2630 Rer.
1721 2607 1774 2628 ital.
1790 2607 1872 2633 script.
1887 2606 1933 2628 vol.
1949 2606 2008 2633 XVl,
2019 2606 2063 2628 col.

1180 2653 1228 2675 376.
1244 2653 1260 2674 ll
1276 2652 1325 2674 dire
1339 2652 1410 2674 intine
1425 2652 1466 2674 che
1482 2652 1503 2673 la
1518 2652 1601 2673 lettera
1617 2651 1653 2673 del
1669 2651 1778 2673 Petrarca
1793 2656 1832 2672 era
1843 2651 1956 2677 inspirata
1967 2650 2011 2672 alle
2021 2656 2064 2672 sue

1178 2696 1230 2718 idee
1244 2697 1304 2718 sulla
1318 2696 1475 2718 costituzione
1490 2695 1512 2717 di
1529 2695 1618 2722 potenti
1634 2695 1735 2721 signorie
1750 2695 1772 2716 in
1788 2694 1861 2721 ltalia,
1877 2694 2064 2721 primieramente

1180 2746 1227 2762 non
1241 2741 1320 2762 iscusa
1341 2740 1424 2762 anano
1439 2740 1461 2761 la
1475 2740 1582 2761 violenza
1606 2739 1714 2761 mordace
1729 2744 1742 2760 e
1758 2738 1855 2765 qualche
1877 2739 1941 2760 volta
1963 2738 2062 2765 villana,

1179 2790 1223 2806 con
1243 2785 1280 2806 cul
1302 2784 1346 2811 egli
1368 2784 1457 2806 assalta
1472 2783 1486 2804 11
1502 2789 1617 2810 generoso
1640 2783 1724 2809 amico;
1739 2782 1768 2804 ed
1783 2783 1806 2804 in
1821 2782 1924 2804 secondo
1948 2782 2018 2809 luogo
2042 2782 2062 2803 ci

1178 2829 1270 2850 sembra
1286 2834 1316 2850 un
1331 2828 1412 2850 lavoro
1427 2827 1450 2849 di
1465 2827 1565 2849 fantasia
1587 2827 1701 2854 inspirato
1716 2826 1755 2854 piis
1778 2827 1839 2848 dalla
1861 2826 2063 2853 preoccupazione

1172 2871 1198 2894 'di
1213 2872 1332 2894 diiendere
1346 2872 1376 2894 ad
1391 2872 1444 2899 ogni
1460 2873 1527 2894 costo
1542 2872 1557 2894 il
1573 2871 1690 2899 Petrarca,
1705 2872 1747 2893 che
1762 2871 1800 2893 dai
1816 2871 1870 2893 reali
1886 2871 1987 2893 concetti
2003 2871 2061 2897 poli-

1178 2917 1217 2939 tici
1232 2917 1255 2938 di
1270 2917 1310 2943 lui,
1326 2917 1331 2938 i
1348 2916 1410 2943 quali
1425 2922 1439 2938 a
1453 2913 1518 2938 volta
1532 2921 1546 2938 a
1560 2916 1624 2938 volta
1639 2916 1699 2938 nelle
1713 2921 1756 2938 sue
1770 2915 1834 2937 varie
1844 2915 1926 2937 lettere
1937 2915 2062 2937 sembrano

1179 2961 1310 2983 lniormarsl
1324 2961 1369 2983 alle
1383 2960 1500 2983 necessita
1515 2960 1544 2982 ed
1558 2960 1712 2988 opportunita
1726 2960 1763 2982 del
1778 2961 1905 2982 momento.

1229 3004 1260 3031 (2)
1275 3005 1384 3027 Notiamo
1399 3011 1445 3027 non
1459 3010 1538 3027 essere
1552 3005 1636 3027 anatra
1651 3004 1754 3027 dottrina
1769 3004 1917 3031 d'Agostino,
1928 3004 1970 3026 che
1981 3009 2027 3026 non
2042 3004 2061 3025 si

1174 3050 1252 3072 debba
1266 3049 1385 3072 dltendere
1399 3050 1421 3072 la
1436 3050 1512 3077 patria
1527 3050 1609 3072 contro
1623 3049 1654 3077 gli
1668 3049 1750 3071 assalti
1766 3049 1788 3071 di
1804 3055 1835 3071 un
1850 3049 1952 3076 ingiusto
1967 3054 2061 3076 aggres-

1172 3099 1234 3117 sore.
1251 3094 1281 3116 Le
1296 3094 1458 3116 esercltazloni
1481 3094 1596 3116 retoriche
1615 3093 1652 3116 del
1667 3094 1746 3121 poeta,
1768 3094 1885 3116 abusante
1909 3093 1931 3115 di
1954 3092 1977 3115 S.
2000 3092 2061 3119 Ago-
