2496 3600
138 387 335 430 ‘nontcis
358 387 391 419 et
415 383 607 419 Conventui
633 393 693 426 per
718 384 972 417 sanctissimum
1013 385 1045 416 in
1085 382 1221 417 Christo
1250 383 1382 416 Patrem
1422 385 1454 415 et
1493 383 1666 414 dominum
1703 382 1875 414 dominum
1917 382 2022 427 Boni-¹

201 450 326 492 tactum
349 448 465 482 divina
489 446 715 479 Providencia
740 455 863 488 papam
889 455 1014 478 nonum
1039 446 1231 488 specialiter
1265 446 1475 487 deputatum,
1513 447 1547 477 ut
1583 445 1625 477 de
1662 445 1855 477 huiusmodi
1892 445 2019 478 subde—

201 511 369 555 tegatione
393 511 425 542 et
449 510 618 551 potestate
642 510 758 542 nostra
781 510 922 550 apparet
959 509 1096 550 publico
1132 509 1355 541 instrumento
1387 508 1533 540 traddito
1558 509 1589 540 et
1614 508 1646 539 in
1672 507 1842 548 publicam
1878 507 2017 539 formam

139 560 170 613 ’Ῑῇ
203 574 339 608 redacto
362 581 423 614 per
447 571 610 605 Ubertum
623 570 844 604 Decembrem
868 571 910 604 de
936 571 1124 613 Viglevano
1140 568 1192 612 (1)
1217 570 1389 612 publicum
1408 570 1572 611 imperiali
1590 570 1788 602 auctoritate
1806 570 1970 601 notarium
1989 571 2019 601 et

203 635 322 680 prefati
345 634 474 667 domini
499 633 662 675 Episcopi
688 634 901 666 novariensi-3
926 633 1174 672 cancellarium,
1199 642 1289 665 anno
1313 641 1414 664 curso
1439 632 1618 665 millesimo
1643 632 1879 664 trecentesimo
1916 640 2020 663 nona-

200 698 332 743 gesimo
355 696 475 738 primo,
499 696 554 728 die
578 695 711 728 decimo
735 697 858 728 octavo
884 696 1011 728 mensis
1035 695 1237 734 decembris,
1262 697 1294 727 et
1318 695 1360 727 de
1385 694 1597 736 delegatione
1614 695 1646 726 et
1663 693 1915 726 conservatoria
1940 693 2018 725 dicti

133 758 155 803 -ἒὲ
190 759 328 794 >domini
353 759 509 800 episcopi
535 758 749 791 novariensis
773 759 915 799 apparet
940 766 999 799 per
1024 757 1150 790 litteras
1175 757 1383 798 apostolicas
1412 765 1515 789 sanas
1551 756 1688 798 quidem
1713 757 1744 789 et
1769 756 1928 798 integras,
1953 764 2020 788 non

139 826 173 862 ⁸¹5-
202 822 344 857 viciatas
379 820 442 853 nec
476 822 654 862 corruptas
689 820 750 853 sed
786 820 876 852 omni
914 828 1055 861 prorsus
1091 820 1179 852 vicio
1204 821 1237 852 et
1261 819 1459 860 suspicione
1495 820 1660 858 carentes,
1696 818 1775 850 dicti
1813 818 2020 851 sanctissimi

132 870 173 928 ft]
199 883 315 919 Patris
338 884 371 916 et
393 882 521 925 domini
546 882 674 915 domini
699 881 866 915 Bonifacii
891 881 984 923 Pape
1009 882 1088 914 noni
1114 891 1193 914 vera
1218 881 1376 923 pomblea
1409 882 1502 914 bulla
1526 882 1558 913 in
1584 881 1735 914 cordulla
1763 881 1903 922 canapis
1929 889 2021 913 more

122 936 179 991 {12
202 953 341 980 romane
364 944 457 977 curie
481 944 638 984 bullatas,
663 944 762 977 datas
787 943 892 978 Rome
917 944 1008 986 apud
1033 945 1187 976 sanctum
1213 943 1360 982 Petrum,
1386 943 1427 975 Vi
1453 943 1532 976 idus
1557 943 1652 983 lunii,
1670 943 1888 985 pontificatus
1913 943 2022 984 ipsius

133 1003 169 1044 ’ν
198 1008 330 1043 domini
354 1006 448 1050 Pape
472 1008 562 1040 anno
586 1007 760 1040 secundo:
785 1015 928 1048 quorum
955 1007 1250 1039 instrumentorum
1276 1007 1308 1039 et
1332 1007 1515 1039 litterarum
1550 1008 1646 1039 tenor
1682 1006 1767 1038 infra
1799 1005 2021 1044 describitur;

201 1079 243 1107 ac
265 1070 344 1103 olim
369 1070 588 1103 conservator
623 1070 656 1102 et
687 1068 864 1111 delegatus
900 1068 1000 1101 dictis
1035 1067 1172 1108 Abbati,
1201 1066 1384 1101 Canonicis
1409 1070 1441 1100 et
1466 1066 1657 1101 Conventui
1695 1068 1888 1101 monasterii
1913 1067 2021 1100 sancti

128 1119 170 1183 [3⁸³3
190 1131 291 1168 :Petri
315 1141 336 1167 a
359 1130 447 1166 Sede
471 1131 676 1173 Apostolica‘
695 1132 739 1164 ut.
755 1130 1058 1172 infraspecialiter
1081 1131 1286 1172 deputatus:
1312 1132 1348 1163 ut
1371 1131 1414 1163 de
1439 1130 1632 1164 huiusmodi
1668 1131 1880 1172 delegatione
1904 1131 1937 1162 et
1961 1138 2024 1171 po-

139 1192 144 1244 ]
159 1197 323 1238 Aestate
346 1195 447 1228 nobis
471 1193 663 1236 specialiter
687 1193 844 1226 atributis
868 1195 960 1235 patet
985 1193 1133 1235 publicis
1158 1194 1191 1226 et
1214 1194 1393 1226 autenticis
1419 1193 1537 1226 litteris
1562 1192 1671 1226 felicis
1696 1193 1855 1225 memorie
1880 1193 2025 1226 sanctis-

145 1255 157 1281 5
198 1258 278 1293 >simi
302 1258 336 1291 in
360 1255 498 1291 Christo
521 1256 628 1299 patris
652 1258 685 1289 et
709 1256 836 1288 domini
861 1255 989 1288 domini
1015 1255 1143 1289 Urbani
1157 1256 1273 1289 divina
1290 1256 1511 1297 providencia
1527 1255 1621 1297 Pape
1637 1256 1737 1295 sexti,
1755 1255 1913 1297 pomblea
1931 1255 2023 1289 bulla

204 1321 239 1355 in
262 1319 415 1353 cordulla
437 1320 580 1361 canapis
604 1328 696 1352 more
720 1327 859 1351 romane
884 1319 975 1351 curie
1001 1318 1150 1357 bullatis,
1175 1327 1243 1350 non
1268 1318 1402 1351 viciatis
1427 1319 1564 1360 quidem
1578 1327 1640 1351 nec
1657 1318 1824 1359 corruptis
1842 1317 1903 1350 sed
1928 1318 2022 1350 sanis

203 1385 236 1418 et
259 1383 398 1425 integris
423 1384 456 1415 et
479 1382 570 1415 omni
595 1389 737 1423 prorsus
761 1381 852 1414 vicio
875 1382 909 1414 et
933 1381 1131 1422 suspicione
1156 1380 1362 1419 carentibus,
1379 1389 1466 1422 quas
1484 1382 1517 1413 et
1533 1381 1633 1413 etiam
1651 1380 1836 1421 predictum
1851 1380 2024 1421 publicum

124 1474 150 1493 ⁷.
206 1446 464 1479 instrumentum
486 1443 781 1486 subdelegationis
806 1444 920 1476 nostre
945 1444 977 1476 et
1001 1442 1150 1484 prefatas
1175 1442 1302 1475 litteras
1327 1443 1534 1475 sanctissimi
1558 1442 1686 1475 domini
1711 1442 1838 1475 domini
1857 1441 2023 1475 Bonifaeii

205 1508 279 1542 eius
304 1506 463 1549 pomblea
500 1506 593 1539 bulla
629 1505 788 1545 bullatas,
824 1514 928 1538 sanas
953 1507 984 1538 et
1009 1506 1159 1547 integras
1184 1506 1219 1538 ut
1243 1505 1418 1546 prefertur,
1444 1505 1570 1538 ibidem
1595 1505 1628 1537 in
1654 1505 1824 1546 presentia
1849 1505 1967 1537 notarii
1993 1506 2025 1537 et

188 1570 340 1605 'testium
365 1578 405 1602 ac
429 1569 580 1611 parcium
606 1568 895 1610 infrascriptarum
927 1568 1092 1607 exhiberi,
1118 1569 1153 1600 ut
1177 1576 1238 1609 per
1273 1576 1392 1600 omnes
1417 1567 1523 1600 videri
1549 1569 1582 1600 et
1607 1567 1736 1608 palpari
1762 1568 1896 1608 possint
1920 1568 1952 1599 et
1977 1567 2026 1598 in-

203 1633 309 1667 terius
333 1641 448 1665 eorum
472 1633 621 1664 tenorem
647 1631 792 1664 describi
818 1632 851 1663 et
875 1630 1045 1673 registrari
1071 1630 1227 1663 iubemus
1251 1632 1284 1663 et
1308 1629 1454 1662 facimus
1479 1630 1520 1662 de
1546 1630 1650 1662 verbo
1675 1630 1717 1663 ad
1735 1630 1887 1669 verbum,
1906 1631 1940 1661 ut
1958 1629 2021 1662 hoc

125 1686 147 1702 ‘²
202 1704 318 1729 eorum
343 1693 538 1736 exemplum
563 1696 595 1726 et
619 1695 868 1735 transumptum
893 1693 936 1726 de
960 1695 1072 1726 cetero
1097 1693 1199 1725 faciat
1223 1692 1358 1734 plenam
1382 1693 1484 1725 fidem
1510 1692 1652 1725 ubilibet
1677 1693 1709 1724 in
1736 1693 1861 1724 iudicio
1878 1693 1910 1724 et
1927 1694 2023 1724 extra

138 1798 146 1805 Ι
207 1757 295 1791 sicut
317 1756 446 1790 faciunt
469 1755 652 1798 originales
689 1755 796 1788 littere
830 1754 1000 1788 antedicte
1024 1756 1056 1788 et
1080 1755 1309 1787 autentichum
1342 1755 1599 1787 instrumentum
1636 1754 1928 1796 subdelegationis
1953 1762 2028 1795 pre-

205 1818 344 1860 dictum,
369 1827 512 1860 quorum
537 1819 634 1851 tenor
658 1817 836 1850 videlicet:
862 1816 976 1849 Primo
1000 1817 1165 1849 dictarum
1191 1817 1359 1850 literarum
1384 1816 1649 1858 apostolIcarum
1675 1816 1881 1849 sanctissimi
1899 1816 2027 1848 domini

123 1868 161 1931 ’χι
205 1879 372 1914 Bonifacii
397 1880 640 1914 continentium
665 1878 911 1921 delegationem
948 1879 1028 1912 dicti
1065 1879 1192 1911 domini
1218 1878 1381 1920 Episcopi
1407 1879 1630 1918 novariensis,
1663 1878 1786 1911 deinde
1812 1879 1951 1920 predicti
1977 1881 2028 1913 in-

132 1987 134 1990 v
206 1943 382 1978 strumenti
407 1942 724 1984 subdellegationis,
760 1942 979 1984 postmodum
1014 1941 1239 1984 delegationis
1276 1942 1390 1974 nostre
1421 1950 1586 1974 concesse
1611 1950 1630 1973 a
1655 1942 1710 1983 pie
1735 1943 1893 1975 memorie
1930 1952 2028 1976 sanc-

206 2005 340 2039 tissimo
363 2005 503 2038 domino
527 2005 666 2037 domino
691 2003 841 2044 Urbano,
865 2003 943 2037 talis
968 2006 1041 2037 est:

134 2061 146 2117 f
293 2067 450 2110 Seguono
474 2066 508 2100 la
531 2066 631 2100 Bolla
655 2066 691 2099 di
713 2066 890 2108 Bonifacio
915 2066 966 2100 IX
986 2066 1077 2108 degli
1098 2066 1123 2100 8
1141 2067 1270 2108 giugno
1298 2066 1381 2099 1391
1395 2076 1407 2105 ,·
1438 2067 1500 2108 poi
1522 2067 1821 2099 immediatamente
1846 2067 1879 2100 la
1903 2068 2025 2101 sudde-

135 2119 136 2122 ¹
182 2129 382 2173 Mlegazione
398 2129 491 2173 salta
515 2130 574 2162 dal
603 2130 747 2163 Vescovo
771 2129 807 2162 di
828 2130 964 2162 Novata
989 2130 1021 2162 in
1045 2129 1155 2170 quello
1179 2129 1215 2162 di
1237 2128 1346 2162 Ρανὶα
1370 2129 1406 2161 αἱ
1431 2129 1473 2162 18
1495 2129 1657 2162 dicembre
1677 2130 1769 2167 1391,
1796 2139 1813 2162 e
1831 2129 2027 2171 finalmente

208 2191 243 2226 Ia
267 2192 356 2226 bolla
380 2192 416 2226 di
441 2191 576 2227 Urbano
607 2191 651 2224 Vl
662 2189 724 2232 (2).
749 2191 815 2224 Ροι·
837 2192 868 2224 si
890 2192 1045 2224 continua
1059 2202 1070 2224 .·

298 2253 556 2297 Cognoscentes
580 2257 612 2287 et
636 2255 855 2287 terminantes
890 2263 930 2287 ac
961 2254 1164 2287 decidentes
1189 2256 1222 2287 et
1245 2255 1495 2287 sentenciantes
1520 2255 1562 2286 de
1587 2255 1702 2287 causis
1731 2256 1763 2287 et
1791 2255 2029 2296 questionibus

209 2317 479 2350 convencionum
503 2318 536 2350 et
562 2311 870 2350 reconvencionum
895 2316 975 2348 olim
999 2325 1112 2349 coram
1139 2316 1239 2349 nobis
1264 2318 1296 2349 et
1320 2325 1435 2349 coram
1460 2317 1657 2349 venerabilli
1684 2318 1757 2349 viro
1781 2317 1920 2349 domino
1939 2317 2029 2350 Hen-

211 2379 282 2413 rico
305 2379 348 2412 de
373 2378 483 2419 Dinis,
509 2380 590 2412 iuris
615 2379 771 2412 canonici
796 2379 914 2420 perito,
939 2379 1115 2420 preposito
1139 2379 1281 2412 ecclesie
1307 2381 1420 2412 nostre
1446 2379 1634 2421 papiensis,
1671 2379 1797 2412 vicario
1832 2381 1948 2412 nostro
1972 2389 2030 2422 ge-

117 2437 120 2444 '
211 2442 314 2475 nerali
338 2450 378 2474 ac
402 2441 627 2484 subdelegato
651 2450 711 2483 per
734 2439 798 2474 nos
822 2441 854 2473 in
880 2441 995 2474 causis
1019 2441 1116 2483 ipsis,
1140 2441 1183 2474 de
1207 2442 1358 2483 parcium
1384 2441 1556 2474 voluntate
1572 2427 1747 2483 deputato,
1765 2443 1797 2474 et
1813 2451 1901 2474 nunc
1918 2451 2029 2475 coram

211 2503 311 2538 nobis
336 2504 562 2546 subdelegato
587 2505 622 2536 ut
647 2512 762 2545 supra,
798 2503 898 2536 motis
934 2505 968 2536 et
998 2503 1208 2536 vertentibus
1244 2512 1303 2545 per
1327 2506 1359 2536 et
1384 2504 1468 2536 inter
1492 2502 1667 2536 Stefanum
1692 2503 1735 2536 de
1761 2503 1945 2537 Panizariis
1971 2513 2031 2537 no-

213 2558 333 2600 tarium
358 2567 568 2608 papiensem,
592 2566 760 2599 sindicum
785 2567 817 2598 et
841 2567 1093 2607 procuratorem
1119 2567 1294 2599 reverendi
1321 2567 1426 2607 patris
1451 2566 1577 2598 domini
1603 2566 1714 2599 fratris
1739 2565 1883 2599 Dionisii
1908 2565 1970 2600 Dei
1996 2569 2029 2600 et

212 2628 398 2671 apostolice
422 2627 523 2662 Sedis
547 2628 654 2670 gratia
677 2628 757 2661 dicti
783 2628 977 2661 monasterii
1002 2628 1111 2661 sancti
1137 2626 1226 2661 Petri
1253 2628 1285 2660 in
1310 2628 1397 2661 cello
1421 2637 1525 2661 aureo
1550 2627 1705 2667 Abbatis,
1723 2627 1972 2662 Canonicorum
1997 2631 2031 2662 et

214 2687 414 2724 Conventus
437 2691 517 2723 dicti
543 2690 748 2730 monasterii,
773 2690 864 2722 dicto
881 2690 1065 2723 sindicario
1082 2691 1114 2722 et
1131 2690 1362 2732 procuratorio
1379 2691 1514 2723 nomine
1531 2699 1574 2723 ex
1593 2692 1687 2731 parte
1705 2699 1782 2729 una,
1799 2692 1832 2723 et
1850 2690 2031 2724 Iohannem

207 2831 277 2853 mito
290 2830 395 2854 cattedra
410 2831 432 2853 di
447 2830 550 2858 teologia
564 2830 760 2853 nell¹Unlverslta.
776 2830 853 2853 Eletto
868 2830 904 2852 nel
921 2830 969 2853 1381
993 2835 1094 2853 vescovo
1149 2833 1223 2852 ΜΛΝο
1237 2830 1259 2851 in
1274 2830 1344 2853 Arch.
1360 2829 1423 2852 δίον.
1440 2830 1518 2853 Lamo.
1537 2829 1595 2857 1891,
1616 2829 1673 2852 inse.
1694 2830 1740 2857 lli),
1755 2829 1779 2852 tu
1794 2830 1832 2857 pol
1854 2831 1934 2853 notaio
1949 2837 1962 2853 e
1976 2836 2029 2854 can-

219 2873 242 2896 dl
257 2873 378 2902 Praeenza,
398 2880 465 2897 come
478 2875 525 2897 tale
539 2875 569 2897 da
590 2875 685 2898 Urbano
699 2875 729 2897 Vl
750 2880 789 2897 era
810 2876 874 2898 stato
895 2875 1015 2897 nominato
1036 2874 1096 2898 Con·
1149 2874 1240 2897 celliere
1253 2874 1383 2902 visconteo,
1397 2874 1427 2897 ed
1441 2874 1453 2896 e
1469 2874 1484 2896 il
1498 2874 1570 2901 padre
1584 2874 1622 2896 del
1636 2875 1759 2897 notissimo
1774 2875 1890 2898 umanista
1905 2875 1957 2898 Pler
1971 2875 2030 2899 Can-

218 2919 339 2942 servatore
353 2925 366 2941 e
379 2919 478 2942 uindice
491 2919 551 2942 nella
565 2920 646 2942 nostra
660 2919 828 2946 controversia,
843 2919 903 2941 nella
918 2918 988 2946 quale
997 2919 1016 2942 si
1027 2919 1096 2941 trovo
1150 2918 1215 2946 dido,
1228 2918 1278 2942 cosi
1292 2918 1409 2942 chlamato
1424 2924 1466 2946 per
1480 2918 1646 2942 rieonoscenza
1664 2923 1733 2942 verso
1750 2919 1765 2941 il
1782 2924 1826 2943 suo
1841 2920 1916 2947 primo
1937 2919 2032 2947 signore

217 2962 384 2991 donimane
405 2964 493 2991 legato,
513 2964 610 2992 quando
629 2963 667 2986 nel
689 2963 740 2987 1386
753 2963 776 2986 ai
789 2964 802 2986 7
817 2963 839 2986 dl
860 2963 956 2986 ottobre
976 2963 1094 2990 prendeva
1150 2962 1228 2986 Pletro
1242 2963 1272 2986 dn
1287 2962 1383 2986 candia,

220 2995 338 3035 Μ’
353 3007 392 3031 del
412 3002 678 3036 voeeovado'dl'pevln,
696 3007 766 3036 dopd
783 3008 806 3031 la
829 3010 905 3032 morte
925 3008 963 3031 del
987 3007 1094 3032 Vescovo
1202 3006 1233 3034 (2)
1246 3006 1390 3030 Omenlamo
1404 3007 1419 3029 il
1434 3006 1535 3031 testoni
1550 3004 1784 3036 questi'document‘l,
1800 3008 1843 3031 che
1860 3008 1971 3032 abbiamo
1991 3009 2029 3035 gia

221 3050 350 3076 Fame-eo
363 3051 491 3076 Sottorlvn.
506 3052 579 3077 nesse
592 3052 615 3076 ln
629 3052 718 3076 diocesl
732 3053 780 3076 tino
793 3053 817 3075 al
832 3053 892 3076 1402.
1153 3051 1272 3075 rlasmnto
1286 3051 1327 3079 pit·
1341 3057 1413 3079 sopra
1427 3051 1451 3075 ln
1461 3048 1528 3075 'nota
1681 3045 1684 3050 '

273 3095 304 3123 (ι)
319 3095 410 3120 uberto
422 3096 562 3120 nmmum
576 3096 599 3119 dr
613 3096 742 3125 vrwauo,
756 3098 826 3121 conte
849 3096 955 3124 paratino
974 3095 1031 3122 (cir.
1054 3090 1100 3120 Ro-
1407 3088 1410 3091 “

1956 251 2017 283 155
2061 231 2095 237 ”
