2496 3600
1971 259 2014 291 27

185 390 344 427 videlicet
367 391 460 434 quod
485 390 646 434 Religiosi
671 390 733 423 viri
757 390 923 432 Magister
947 389 1125 423 Generalis
1149 392 1181 423 et
1206 390 1338 423 Fratres
1374 390 1512 423 Ordinis
1548 391 1778 431 Eremitarum,
1814 394 1845 425 in
1883 404 1998 428 mona-

184 455 288 490 sterio
311 453 345 488 S.
370 453 460 487 Petri
485 454 518 486 in
543 451 650 487 Coelo
675 452 788 485 Aureo
812 452 973 494 papiensi
998 451 1248 486 Canonicorum
1274 452 1488 495 Regularium
1518 452 1656 486 Ordinis
1681 453 1714 487 S.
1732 454 1922 497 Augustini,
1940 467 1999 489 cu-

184 517 238 551 ius
261 516 582 550 reverendissimum
606 523 732 556 corpus
757 514 882 547 ibidem
907 515 1004 554 iacet,
1029 515 1177 556 quodam
1203 514 1327 547 callido
1351 514 1435 547 torte
1460 517 1649 556 praetextu,
1667 516 1699 547 in
1718 519 1830 549 vestro
1856 520 1999 551 sanctis—

91 567 107 581 ’Ἴ
134 567 165 581 ”
184 580 271 613 simo
295 577 519 617 Consistori0‚
544 577 711 619 quaedam
737 577 769 608 in
794 577 1039 618 praeiudicium
1064 577 1144 609 dicti
1170 577 1374 616 monasterii,
1400 576 1544 610 Abbatis
1561 580 1593 610 et
1615 581 1803 611 conventus
1835 580 1998 620 eiusdem,

184 641 394 683 subreptitie,
419 640 579 672 virtutum
604 638 754 672 Fratrum
779 640 812 671 et
836 640 1026 670 conventus
1052 639 1190 671 veritate
1223 639 1334 678 tacita,
1370 641 1402 671 et
1439 639 1594 671 vitiorum
1630 639 1774 672 falsitate
1812 650 1998 683 expressa,

183 712 204 737 a
226 694 449 737 'Sanctissimo
474 702 506 734 in
531 699 667 734 Christo
685 700 783 733 Patre
808 702 924 732 nostro
941 702 973 733 et
990 699 1137 732 Domino
1162 699 1300 733 Summo
1325 700 1488 733 pontifice
1506 702 1636 734 noviter
1653 702 1880 743 impetrarunt,
1898 713 2000 746 prop-

182 768 233 799 ter
267 774 354 807 quae
390 764 523 797 Fratres
547 765 737 796 conventus
761 756 981 795 Eremitarum
1007 763 1156 804 ipsorum
1183 762 1401 804 Papiensium
1427 764 1459 795 in
1485 764 1628 796 rumoris
1653 765 1769 806 populi
1806 765 1874 798 fere
1910 767 1999 807 peri-

183 828 296 862 culum
321 828 540 860 incurrerunt.
573 824 641 859 Sed
665 827 698 858 et
722 834 830 866 nuper
864 824 968 857 fertur
991 825 1024 857 in
1050 825 1189 867 vulgus,
1214 825 1306 867 quod
1344 826 1375 857 in
1412 824 1625 858 Consistorio
1662 829 1775 859 vestro
1811 828 2000 861 habuerunt

182 891 345 932 optatum,
369 898 413 922 ex
438 897 517 931 quo,
542 889 571 921 si
596 888 728 920 Fratres
754 887 850 929 ipsos
875 887 921 919 uti
946 887 1123 929 contigerit
1149 887 1334 928 impetratis
1360 887 1564 927 huiusmodi,
1590 889 1815 929 proculdubio
1841 890 1872 922 in
1902 899 2001 923 scan—

183 951 296 986 dalum
322 951 480 991 incident,
505 950 691 992 periculum
716 951 748 982 et
773 958 950 988 rumorem,
974 948 1084 981 taliter
1108 949 1199 990 quod
1225 949 1283 981 vix
1308 949 1391 982 forte
1417 951 1573 991 poterunt
1602 950 1744 983 liberari.
1774 951 1870 991 Vere,
1895 951 2000 985 Sanc-

181 1015 312 1048 tissime
337 1013 437 1047 Pater
459 1015 492 1047 et
515 1012 672 1052 Domine,
697 1012 820 1044 domus
845 1012 920 1053 ipsa
946 1011 1150 1044 venerabilis
1175 1010 1289 1044 Sancti
1314 1011 1414 1051 Petri,
1440 1012 1484 1044 ob
1502 1013 1716 1045 devotionem
1736 1023 1890 1056 magnam
1910 1015 2000 1048 illius

182 1076 455 1110 reverendissimi
480 1076 633 1117 corporis
658 1074 845 1108 beatissimi
871 1073 1062 1116 Augustini,
1087 1074 1246 1107 dominus
1271 1073 1399 1113 Abbas,
1425 1074 1557 1107 Fratres
1570 1076 1602 1107 et
1620 1073 1818 1108 Conventus
1835 1077 1999 1116 eiusdem,

181 1141 319 1182 propter
342 1139 493 1181 ipsorum
517 1138 728 1170 honestatem
753 1138 786 1170 et
810 1137 912 1169 vitam
938 1135 1143 1169 laudabilem
1168 1138 1200 1169 et
1225 1136 1411 1178 regularem
1436 1137 1699 1177 observantiam,
1724 1138 1999 1180 hospitalitatem,

181 1201 472 1243 eleemosynarum
495 1199 739 1233 exhibitionem
763 1199 957 1232 continuam
983 1199 1015 1231 et
1039 1198 1105 1231 alia
1129 1198 1280 1240 ipsorum
1305 1207 1409 1240 opera
1433 1199 1578 1240 pietatis,
1603 1199 1699 1232 salva
1717 1201 1902 1233 reverentia
1923 1210 2002 1234 coe-

180 1266 338 1304 terorum,
363 1272 443 1305 prae
468 1262 612 1296 coeteris
636 1262 830 1304 diliguntur,
855 1262 888 1294 et
911 1261 1063 1302 ipsorum
1089 1260 1306 1303 exigentibus
1331 1261 1457 1294 meritis
1482 1261 1721 1301 laudabilibus,
1751 1263 1874 1295 nedum
1900 1272 1918 1295 a
1936 1263 2002 1296 Pa-

179 1326 369 1369 mensibus,
393 1325 455 1358 sed
479 1325 580 1358 etiam
604 1333 624 1357 a
647 1324 922 1366 quibuscumque
947 1324 1150 1356 venerantur
1174 1323 1341 1364 personis.
1366 1321 1583 1365 Quapropter
1611 1323 1804 1357 Paternitati
1841 1334 1880 1357 ac
1917 1324 2002 1358 San·
2041 1364 2043 1366 ,

180 1388 284 1422 ctitati
310 1387 461 1427 Vestrae,
484 1387 585 1420 flexis
609 1386 755 1429 genibus
780 1385 1001 1418 devotissime
1027 1385 1273 1427 supplicamus,
1299 1387 1468 1427 quatenus
1492 1386 1537 1418 ob
1561 1385 1624 1418 Dei
1651 1388 1683 1418 et
1707 1385 1816 1419 Vestri
1843 1396 1999 1420 reveren-

179 1451 271 1491 tiam,
295 1459 337 1484 ne
360 1450 456 1490 forte,
481 1450 514 1482 in
538 1449 698 1482 damnum
723 1450 756 1481 et
780 1447 967 1490 periculum
992 1448 1143 1489 ipsorum
1176 1447 1326 1480 Fratrum
1360 1440 1590 1487 Eremitarum,
1616 1448 1648 1480 in
1673 1448 1802 1490 populo
1838 1449 2001 1482 tumultus

179 1513 306 1547 oriatur
329 1514 362 1546 et
385 1511 595 1551 scandalum,
630 1511 680 1544 sic
716 1511 900 1553 dignemini
935 1519 1047 1553 agere,
1083 1510 1175 1552 quod
1216 1509 1350 1543 novitas
1379 1510 1572 1543 huiusmodi
1597 1511 1732 1552 penitus
1768 1511 1937 1544 omittatur
1969 1514 2002 1544 et

181 1669 258 1696 (come
272 1669 434 1697 dali’EnRERA,
448 1668 528 1697 Alsab.
542 1669 626 1696 Agost.
641 1668 708 1690 Tom.
724 1668 751 1695 11,
766 1673 819 1695 pag.
841 1667 938 1694 soz-m&
959 1667 997 1689 dal
1012 1667 1060 1689 To-

178 1717 255 1742 lum-1,
269 1714 336 1736 Tum.
351 1714 380 1742 V,
394 1719 448 1741 pag.
462 1713 519 1741 425»
530 1713 591 1740 dagli
615 1713 695 1735 storici
716 1712 805 1740 pavesi,
828 1711 890 1739 quali
909 1711 968 1735 S1R0
983 1711 1058 1739 Com,

177 1759 275 1782 Memor.
291 1758 354 1781 δέον.
370 1757 434 1786 Dipl.
449 1758 489 1780 cit.
505 1763 558 1785 pag.
573 1757 607 1784 32;
622 1763 635 1779 e
649 1757 670 1779 ll
683 1757 736 1779 Dir.
752 1763 764 1779 e
784 1756 853 1779 Poss.
876 1756 915 1779 del
925 1756 1020 1783 publico
1035 1757 1061 1779 til

155 1807 158 1811 '
178 1802 252 1826 pavia
266 1803 305 1826 sul
318 1802 427 1830 deposito
441 1808 454 1824 e
468 1801 583 1824 sutt'arca
597 1801 623 1823 di
637 1801 655 1824 S
667 1801 792 1829 Agosrino.
808 1800 887 1827 Pavia,
904 1801 962 1828 1803,
978 1801 1062 1828 pagina

177 1848 212 1875 5⁴:
227 1847 266 1870 dal
279 1847 409 1874 Rosci-ml,
432 1846 536 1872 NoiIzie,
551 1846 598 1868 vol.
613 1846 651 1873 lV,
666 1846 727 1873 part.
742 1845 769 1872 11,
784 1851 838 1872 pag.
864 1845 909 1872 105,
924 1845 966 1867 che
981 1845 1010 1867 da
1019 1850 1061 1872 per

177 1892 253 1915 intero
266 1892 282 1914 il
296 1892 445 1918 documentoz
460 1891 522 1913 dallo
536 1891 686 1918 ZURADELIJ,
700 1891 733 1912 La
747 1890 855 1912 BasiIIca
869 1890 895 1912 di
905 1890 928 1912 S.
940 1890 1020 1913 pietro
1035 1890 1060 1912 in

179 1936 230 1960 clei
243 1936 327 1963 d'Oro,
342 1936 382 1959 cit.
393 1941 447 1963 pag.
459 1936 505 1963 158,
516 1935 545 1958 ed
556 1935 715 1958 ultimamente
725 1934 763 1957 dal
774 1934 893 1961 ROMANO.
903 1934 1037 1957 Eremiiani
1047 1940 1059 1956 e

179 1980 238 2004 Can.
252 1980 335 2009 Regni.
350 1981 375 2003 in
389 1980 464 2003 Pavia
484 1980 524 2002 nel
537 1980 617 2002 secolo
637 1979 702 2006 XIV,
723 1979 746 2001 in
760 1979 870 2001 Archivio
884 1978 978 2001 Storlco
993 1979 1059 2001 Lom-

178 2025 262 2052 bardo,
277 2024 335 2047 inse.
350 2024 373 2047 di
388 2024 517 2047 settembre
539 2024 598 2051 1895,
622 2029 676 2051 pag.
690 2023 712 2050 Ως
727 2024 765 2045 noi
780 2023 902 2045 riteniamo
916 2023 939 2044 di
961 2022 1057 2045 doverio

177 2069 298 2092 eteludere
311 2068 349 2091 dal
363 2074 451 2091 novero
465 2068 525 2096 degli
539 2068 583 2090 atti
597 2068 690 2095 genuini
705 2067 734 2089 ed
747 2067 867 2090 autentici.
883 2067 931 2089 Che
951 2072 1006 2089 esso
1025 2067 1059 2089 sia

178 2118 224 2136 m
237 2113 412 2140 fflstfloezione,
427 2113 440 2135 ὲ
455 2114 570 2140 provato:

232 2157 249 2180 1.
264 2157 302 2180 ω
316 2157 377 2180 tatto
391 2157 433 2180 che
451 2163 498 2179 non
515 2157 620 2179 esistono
639 2156 668 2179 ne
684 2156 813 2184 l'originale
827 2156 856 2178 ne
870 2156 938 2184 copie
958 2161 1001 2178 sue
1022 2155 1058 2178 nei

181 2201 245 2225 tondi
265 2202 408 2224 archivistici
429 2201 466 2224 dei
481 2202 516 2224 tre
537 2201 667 2224 monasteri
688 2201 821 2223 interessati
836 2206 849 2223 e
863 2200 900 2223 del
915 2200 1019 2223 Comune
1041 2200 1063 2222 di

180 2245 260 2274 Ρινίι,
274 2251 287 2268 e
301 2246 344 2268 che
357 2245 464 2268 de11¹atto
478 2245 498 2268 sl
509 2246 568 2268 ebbe
578 2245 665 2268 notizia
675 2245 727 2267 solo
741 2251 783 2272 per
797 2245 819 2267 la
829 2245 1007 2272 pubblicazione
1022 2244 1058 2267 del

179 2289 298 2318 Pennotti,
321 2290 336 2312 il
351 2290 421 2317 quale
442 2289 500 2317 pero
513 2290 533 2312 si
557 2289 646 2317 guarda
669 2289 724 2311 dall'
732 2289 834 2311 indicare
858 2289 969 2316 qualsiasi
990 2288 1063 2315 tonte;

232 2333 259 2356 ΙΙ.
274 2333 335 2356 daila
349 2333 452 2355 maniera
468 2338 512 2355 con
535 2333 572 2355 cui
593 2332 630 2355 nel
649 2332 763 2359 principio
784 2332 897 2354 dell'atto
918 2337 961 2354 son
982 2332 1031 2354 dati
1052 2332 1059 2354 i

178 2377 241 2400 nomi
261 2377 322 2400 delle
341 2376 445 2400 autarith
464 2377 579 2400 comunali
599 2376 622 2399 di
642 2377 696 2404 quel
715 2376 887 2404 tempoDitatti
909 2376 928 2398 si
950 2377 1015 2403 paria
1037 2375 1060 2398 di

179 2425 211 2444 un
225 2420 366 2444 Baldassare
379 2419 472 2444 Crivelli
487 2420 596 2448 podesti,
611 2426 624 2443 e
638 2420 668 2448 gli
685 2420 728 2442 atti
745 2420 857 2442 autentici
878 2421 998 2442 attestano
1019 2420 1061 2442 che

178 2464 195 2488 il
210 2463 302 2488 cnveni
321 2465 341 2488 si
358 2465 478 2488 chiamava
500 2465 614 2492 Bassano;
631 2465 653 2487 al
670 2470 738 2487 nome
748 2464 771 2486 di
790 2464 874 2486 Museo
889 2464 998 2486 Beccaria
1013 2469 1059 2486 non

177 2508 199 2532 11
211 2508 235 2532 {a
248 2509 353 2537 seguire,
373 2514 441 2532 come
455 2514 500 2537 pur
513 2514 553 2532 era
567 2509 646 2536 solito,
655 2509 677 2531 la
685 2508 794 2536 qualitica
806 2508 828 2530 di
841 2508 981 2535 capitaneus
991 2514 1061 2536 gene-

179 2553 248 2580 ralis:
271 2553 385 2577 OEovanni
407 2553 448 2582 Re,
471 2554 591 2576 nominato
612 2559 656 2576 con
686 2554 789 2581 quatuor
808 2553 869 2575 socii
889 2553 948 2579 eius,
970 2552 1060 2574 edetto

173 2597 266 2620 -nbbnte
288 2603 302 2620 e
325 2597 459 2626 presidente
482 2598 527 2626 agli
551 2598 617 2620 anari
639 2597 676 2619 del
699 2597 819 2624 Comune,
847 2598 936 2619 mentre
959 2596 990 2624 gli
1019 2597 1062 2619 atil

178 2642 290 2665 autentici
304 2642 431 2670 insegnano
445 2643 488 2665 che
502 2643 517 2665 il
532 2642 564 2666 Re
578 2647 617 2664 era
632 2642 647 2664 il
661 2642 753 2669 giudice
767 2641 805 2663 del
819 2641 930 2668 Podestd;
945 2646 1011 2663 come
1030 2641 1063 2663 in-

179 2691 282 2714 nume
302 2687 345 2710 che
358 2687 389 2715 gli
403 2687 594 2710 amministratori
609 2687 646 2709 del
661 2686 765 2709 Comune
780 2691 850 2708 erano
865 2687 970 2713 quatu-0,
988 2691 1001 2707 e
1016 2691 1061 2707 non

179 2730 264 2759 unque
277 2731 340 2759 quali
364 2731 478 2755 rinultano
492 2731 522 2754 da
537 2732 623 2759 questo
637 2732 696 2758 atto;
711 2736 782 2753 senza
797 2730 846 2752 dire
860 2730 899 2757 poi
913 2730 955 2752 che
970 2730 991 2752 la
1007 2735 1063 2757 qua-

180 2774 241 2798 1¹8oe
255 2774 278 2798 di
292 2775 393 2799 abbates
406 2776 458 2798 Ιοτο
471 2775 594 2798 attribuita
615 2775 628 2797 e
649 2775 722 2797 molto
744 2775 875 2802 posteriore
897 2774 920 2796 al
941 2774 991 2797 1327
998 2790 1004 2801 ,
1025 2774 1062 2796 nel

179 2819 235 2846 qual
249 2819 329 2847 tempo
342 2825 382 2843 era
397 2821 465 2842 unta
480 2819 557 2847 quella
572 2819 594 2841 di
610 2819 743 2846 Sapientes.
761 2818 905 2845 Riportiamo
919 2818 934 2840 il
949 2818 1062 2845 principio

180 2863 204 2886 di
217 2869 249 2887 un
261 2865 313 2888 atto
326 2864 446 2887 antenaco
459 2864 497 2887 del
511 2864 603 2892 giovedi
618 2864 632 2886 2
644 2863 717 2891 aprile
733 2863 784 2886 1327
797 2868 811 2885 a
826 2862 943 2885 conterma
957 2862 1016 2885 delle
1026 2868 1064 2884 os-

178 2908 318 2931 manuni:
333 2908 483 2936 ...precepto
505 2908 589 2931 nobilis
603 2910 628 2930 et
643 2908 748 2935 potentis
769 2907 847 2929 militis
862 2906 891 2929 D.
913 2906 1010 2929 Bassani
1034 2906 1063 2928 de

178 2950 285 2975 crivellis
297 2951 425 2975 honorandi
441 2951 514 2979 Papie
527 2952 662 2979 potestatis,
678 2957 719 2978 per
729 2950 758 2973 D.
770 2951 895 2973 iohannem
908 2950 995 2977 negem
1007 2950 1066 2972 iudi—

177 3000 238 3024 cem,
247 2995 336 3024 Bnyum
343 2995 374 3019 de
383 2996 453 3025 Bays,
464 2995 572 3020 Rufinum
582 2996 738 3023 Carimanum,
747 2995 909 3018 Francischum
918 2994 1031 3022 Rampum
1039 2995 1063 3016 et

179 3038 308 3064 mundum
322 3041 487 3068 flambertum,
508 3040 645 3068 sapientum
667 3040 779 3063 comunis
800 3039 880 3067 Ριρίε,
902 3040 947 3062 etc.
968 3038 1063 3064 (Museo

176 3076 230 3108 Uv-
244 3084 268 3108 dl
281 3084 344 3108 Stor.
359 3084 423 3108 Patr.
438 3085 544 3113 Perum.
559 3085 671 3113 Municip.
687 3090 709 3107 n.
727 3084 780 3112 152).
796 3085 827 3107 Fa
842 3083 975 3111 meravigna
989 3084 1031 3106 che
1045 3082 1060 3105 11

1115 1667 1228 1694 Robolini,
1245 1668 1286 1689 che
1301 1673 1345 1694 pur
1359 1667 1372 1689 ὲ
1387 1667 1467 1689 critico
1482 1664 1667 1694 accuratissimo,
1689 1668 1758 1690 abbia
1779 1669 1896 1690 accettato
1912 1670 1998 1695 questo

1113 1714 1164 1734 atto
1179 1713 1259 1739 spurio
1275 1718 1316 1739 per
1330 1718 1399 1740 vero,
1414 1718 1427 1734 e
1441 1713 1460 1734 si
1476 1713 1511 1734 sia
1525 1713 1617 1735 indotto
1632 1718 1673 1740 per
1687 1718 1741 1735 esso
1756 1713 1786 1735 ad
1801 1713 1931 1735 introdurre
1953 1714 2000 1735 nel-

1115 1757 1211 1779 l'elenco
1226 1757 1262 1779 dei
1278 1757 1381 1779 Podesta
1396 1757 1476 1784 pavesi
1491 1757 1506 1779 il
1521 1748 1615 1784 preteso
1631 1757 1770 1779 Baldassare
1785 1757 1885 1784 Crivelli,
1910 1760 1998 1780 mentre

1116 1806 1190 1823 aveva
1209 1801 1300 1823 dinanzi
1315 1807 1327 1823 e
1342 1801 1418 1823 citava
1433 1801 1447 1823 il
1463 1801 1538 1828 Bossi,
1560 1801 1720 1823 coscienzioso
1742 1802 1893 1828 raccoglitore
1915 1802 1936 1823 di
1959 1802 2000 1824 do-

1114 1846 1215 1868 cumenti
1236 1846 1356 1873 autentici,
1371 1847 1412 1868 che
1428 1841 1471 1873 pur
1486 1846 1589 1873 parlava,
1604 1852 1649 1868 non
1667 1846 1689 1867 di
1701 1846 1847 1873 Baldassare,
1859 1852 1894 1868 ma
1906 1846 1927 1868 di
1944 1846 2000 1868 Bas-

1115 1895 1173 1912 sano
1187 1889 1279 1912 Crivelli
1300 1889 1439 1917 (ROBOLiNi,
1460 1890 1563 1916 Notizt'e,
1579 1890 1624 1912 vol.
1642 1890 1678 1917 lV,
1694 1891 1759 1916 parte
1775 1891 1791 1917 l,
1807 1896 1860 1917 pag.
1875 1891 1923 1916 289)
1932 1898 1937 1917 ;

1167 1934 1203 1956 lli.
1219 1933 1274 1956 Solo
1284 1941 1314 1956 un
1324 1934 1474 1956 talsiticatore
1484 1935 1622 1961 grossolano
1631 1936 1717 1961 poteva
1728 1934 1876 1961 immaginare
1888 1940 1932 1956 una
1943 1940 1999 1961 sup-

1113 1979 1172 2006 plica
1180 1979 1265 2001 diretta
1274 1979 1311 2000 dal
1320 1979 1424 2001 Comune
1432 1984 1519 2005 pavese
1528 1984 1541 2000 a
1550 1978 1662 2001 Giovanni
1671 1979 1730 2000 XXll
1739 1979 1775 2000 nel
1786 1979 1843 2000 1327.
1850 1978 1891 2000 Chi
1898 1984 1997 2006 reggeva

1111 2023 1126 2045 il
1141 2023 1245 2045 Comune
1259 2029 1298 2045 era
1314 2023 1403 2045 nemico
1426 2023 1540 2045 acerrimo
1561 2023 1598 2045 del
1620 2028 1689 2050 papa,
1704 2028 1718 2044 a
1733 2023 1769 2044 cui
1791 2029 1836 2044 non
1858 2023 1877 2044 si
1899 2024 1999 2045 sarebbe

1114 2068 1179 2090 certo
1193 2067 1277 2089 rivolto
1292 2067 1475 2094 supplichevole,
1490 2073 1503 2089 e
1518 2073 1559 2094 per
1573 2067 1678 2094 orgoglio
1692 2073 1704 2089 e
1719 2073 1760 2094 per
1770 2068 1876 2089 ceriezza
1887 2067 1908 2088 di
1920 2073 1999 2089 essere

1114 2112 1262 2134 inascoltato.
1274 2111 1282 2134 1
1292 2112 1363 2138 nomi,
1378 2112 1420 2133 che
1430 2112 1449 2133 si
1459 2112 1559 2138 leggono
1569 2117 1582 2133 a
1593 2117 1652 2138 capo
1667 2111 1703 2133 del
1714 2111 1837 2133 falsificam
1848 2111 1996 2138 documento,

1113 2156 1223 2183 vogliono
1237 2156 1338 2178 indicare
1353 2156 1374 2178 le
1388 2157 1465 2178 stesse
1480 2161 1579 2182 persone
1594 2156 1636 2177 che
1651 2155 1687 2177 nel
1701 2161 1757 2177 vero
1774 2156 1914 2177 documento
1933 2155 1970 2177 del
1984 2156 1999 2177 2

1117 2201 1191 2227 aprile
1207 2201 1258 2223 1327
1271 2206 1343 2227 sopra
1364 2200 1490 2227 ricordato,
1512 2200 1589 2222 danno
1610 2199 1689 2222 denari
1704 2199 1733 2221 ed
1747 2200 1804 2221 aiuti
1819 2205 1832 2221 a
1848 2200 1965 2222 Lodovico
1980 2200 1994 2221 il

1113 2244 1212 2271 Bavaro,
1223 2244 1261 2266 dal
1272 2243 1390 2266 Pontefice
1404 2244 1564 2266 scomunicato
1575 2249 1588 2265 e
1597 2243 1632 2266 col
1649 2243 1766 2265 Ponteiice
1777 2244 1798 2265 in
1809 2249 1891 2270 guerra
1906 2245 1996 2270 aperta,

1119 2287 1166 2310 essi
1180 2288 1251 2310 stessi
1265 2287 1303 2315 gia
1319 2287 1471 2310 scomunicati
1493 2293 1506 2309 e
1527 2287 1655 2314 interdetti,
1670 2293 1682 2309 e
1697 2287 1741 2309 aila
1763 2287 1839 2314 vigilia
1861 2287 1883 2308 di
1905 2287 1996 2308 vedersi

1114 2331 1226 2359 scagllata
1240 2333 1322 2354 contro
1337 2331 1376 2353 un'
1390 2331 1450 2353 altra
1464 2331 1559 2353 solenne
1573 2336 1671 2353 censura
1686 2331 1777 2357 papale.
1794 2330 1840 2352 cfr.
1856 2330 1881 2353 R.
1902 2330 1999 2352 MAioc—

1114 2378 1164 2403 ciii,
1180 2375 1313 2398 L'assoluz.
1328 2375 1354 2397 di
1368 2375 1442 2397 Ρανία
1456 2375 1648 2397 dall'lnterdetro
1662 2374 1688 2396 di
1704 2374 1755 2396 Gio.
1771 2373 1844 2399 ΧΧΙΙ,
1856 2374 1878 2395 in
1888 2373 1997 2396 Archino

1116 2419 1210 2442 Storico
1224 2420 1357 2442 Lombardo
1372 2419 1409 2441 del
1426 2419 1484 2446 1891,
1499 2424 1512 2441 e
1527 2419 1637 2441 ΑΝοΝιΜι
1661 2418 1807 2445 TleiNENsis,
1828 2417 1864 2440 De
1878 2418 1998 2440 Laudibus

1113 2463 1210 2491 Papiae,
1226 2464 1249 2486 in
1263 2463 1408 2491 MURATORi,
1423 2463 1478 2486 Rer.
1493 2463 1548 2485 Ital.
1564 2463 1650 2490 script.
1665 2462 1732 2484 Tom.
1750 2462 1787 2488 ΧΙ,
1809 2462 1914 2484 εᾱ1ι1οηε
1929 2461 1950 2483 di
1966 2461 1994 2484 R.

1114 2508 1232 2531 Maioccm
1246 2514 1259 2530 e
1273 2509 1297 2530 F.
1316 2507 1475 2535 Quinravaue,
1491 2507 1553 2530 Citra
1568 2507 1590 2529 di
1606 2507 1716 2534 Castello,
1732 2507 1796 2533 Lapi,
1809 2506 1867 2533 1903,
1883 2511 1936 2533 pag.
1947 2506 1996 2533 ΧΧ;

1168 2553 1205 2575 Ν.
1220 2551 1278 2574 Altri
1293 2552 1370 2574 indizii
1390 2552 1408 2573 li
1419 2551 1584 2574 falsificazlone
1601 2556 1660 2573 sono
1677 2550 1697 2572 le
1714 2550 1865 2576 inesattezze,
1874 2550 1915 2572 che
1932 2550 1951 2572 si
1969 2550 1999 2572 ri-

1118 2598 1244 2619 scontrano
1269 2597 1323 2619 nell'
1334 2598 1397 2619 atto.
1420 2595 1474 2618 cosi
1496 2596 1515 2617 si
1538 2595 1589 2617 dice
1614 2600 1696 2622 sparsa
1723 2600 1764 2621 per
1788 2594 1809 2616 la
1833 2594 1890 2616 citta
1914 2594 1998 2616 diebus

1115 2641 1180 2667 dstls,
1195 2641 1217 2663 al
1234 2641 1258 2663 13
1271 2641 1352 2668 aprile,
1367 2646 1413 2662 una
1427 2640 1513 2662 notizia
1528 2640 1569 2661 che
1584 2638 1733 2661 idocumenti
1747 2638 1858 2660 autentici
1873 2638 1949 2660 danno
1960 2638 1998 2665 gia

1116 2686 1172 2708 nota
1186 2686 1238 2707 sino
1252 2685 1289 2707 dai
1304 2685 1331 2707 Z«)
1344 2685 1456 2711 tebbralo;
1472 2685 1491 2706 si
1506 2684 1580 2711 ripete
1594 2684 1616 2705 la
1630 2683 1733 2705 storiella
1754 2683 1813 2705 delle
1833 2688 1918 2705 accuse
1939 2682 1998 2704 fatte

1117 2729 1178 2756 dagli
1194 2729 1318 2751 Eremitani
1332 2729 1354 2750 ai
1369 2728 1478 2750 canonici
1502 2733 1585 2754 presso
1599 2727 1614 2748 ll
1630 2726 1701 2754 Papa;
1717 2727 1731 2748 ll
1746 2726 1851 2749 discorso
1870 2726 1956 2748 diretto
1978 2726 1998 2748 si

1118 2774 1182 2795 muta
1196 2773 1226 2795 ad
1241 2779 1271 2795 un
1286 2774 1359 2794 tratto
1374 2772 1396 2794 in
1411 2771 1529 2798 indiretto,
1545 2772 1589 2793 etc.

1170 2817 1243 2839 Tutto
1254 2818 1339 2844 questo
1349 2815 1464 2843 persuade
1474 2816 1516 2837 che
1524 2815 1539 2837 il
1547 2815 1687 2837 documento
1697 2814 1710 2836 e
1720 2820 1765 2836 una
1773 2814 1946 2841 hismeniam,
1955 2814 1998 2836 che

1117 2861 1191 2883 torma
1210 2861 1225 2883 il
1245 2861 1298 2888 palo
1313 2860 1371 2883 colla
1384 2859 1501 2882 Chronica
1515 2859 1692 2887 antiquissima,
1708 2859 1730 2880 di
1745 2858 1781 2881 cui
1796 2859 1816 2880 si
1831 2858 1844 2880 ὲ
1858 2858 1924 2880 detto
1939 2858 1998 2880 nelie

1118 2907 1172 2927 note
1187 2905 1208 2927 al
1223 2905 1364 2927 documento
1378 2904 1425 2926 Vll.
1443 2903 1479 2926 Da
1498 2905 1581 2931 queste
1595 2903 1754 2926 talsiflcazioni
1776 2902 1903 2925 deriviamo
1925 2902 1995 2924 molta

1119 2950 1170 2971 luce
1184 2955 1226 2976 per
1241 2949 1359 2976 giudicare
1373 2949 1528 2970 esattamente
1542 2947 1566 2970 di
1579 2947 1738 2970 controversie
1751 2947 1794 2969 che
1807 2947 1827 2969 si
1838 2946 1998 2968 trascinarono

1117 2999 1159 3020 per
1172 2993 1252 3020 secoli,
1270 2993 1404 3015 alimentate
1414 2992 1429 3014 il
1439 2992 1479 3019 pii·
1494 2992 1553 3014 delle
1567 2992 1630 3014 volte
1639 2991 1669 3014 da
1679 2991 1731 3014 faiel
1740 2991 1859 3018 supposti,
1869 2996 1882 3013 e
1892 2996 1933 3018 per
1947 2996 1999 3018 per-

1117 3037 1222 3060 suaderci
1242 3038 1284 3059 che
1298 3037 1358 3059 nella
1373 3037 1447 3059 storia
1463 3036 1486 3059 di
1501 3035 1524 3059 S.
1541 3035 1619 3059 Pietro
1633 3036 1655 3058 in
1670 3036 1712 3058 ciel
1733 3036 1801 3058 d'oro
1821 3035 1842 3058 si
1864 3041 1924 3057 sono
1945 3035 1999 3057 insi-

1114 3083 1185 3104 nuate
1203 3081 1361 3109 esagerazioni
1375 3081 1405 3103 ed
1417 3081 1496 3103 errori.
