2496 3600
658 27 663 34 t
712 26 714 29 »
725 26 756 35 «ρ,
770 26 780 29 -
851 28 853 30 -
951 27 957 38 ;
991 30 994 31 ⁷
1028 28 1031 30 <
1064 30 1067 32 <
1172 29 1178 34 ψ
1216 32 1222 35 ,
1348 31 1351 32 ⁷
1437 29 1443 32 „
1457 29 1460 30 γ

461 366 554 409 quod
580 367 732 408 predicta
756 368 789 400 et
814 366 1028 410 infrascripta
1052 366 1166 400 omnia
1189 368 1223 399 et
1246 365 1382 408 singula
1406 365 1583 407 utriusque
1607 365 1724 407 partis,
1748 365 1792 399 de
1824 365 1931 399 verbo
1961 365 2006 400 ad
2041 365 2184 401 verbum

462 427 649 463 Romanum
674 427 872 462 Pontificem
898 437 942 462 ex
966 430 1057 469 certa
1082 427 1224 461 scientia
1248 426 1439 460 confirmari
1463 426 1611 460 debeant
1635 427 1668 460 et
1692 426 1725 460 in
1750 428 1951 469 perpetuum
1992 427 2154 462 roborari.
2179 426 2222 463 Et

461 490 541 523 dicti
567 489 663 523 Prior
686 488 866 524 Generalis
890 491 922 523 et
948 489 1092 529 Fratres,
1129 489 1264 522 nomine
1300 488 1382 522 dicti
1407 487 1548 522 Ordinis
1572 487 1806 528 Eremitarum,
1830 490 2065 530 convenerunt
2086 490 2121 524 et
2144 498 2241 532 prom

461 554 576 586 serunt
590 552 718 586 eisdem
733 551 857 586 Abbati
882 554 915 585 et
939 550 1125 586 Canonicis
1150 551 1394 593 recipientibus
1418 552 1451 584 et
1475 550 1714 593 sollempniter
1737 551 1992 593 stipulantibus,
2018 560 2135 585 eorum
2152 552 2244 587 nomi

460 616 493 647 et
518 615 653 647 nomine
678 614 759 647 dicti
785 614 984 647 Monasterii
1022 612 1136 647 Sancti
1174 612 1276 652 Petri,
1312 612 1486 646 attendere
1513 614 1546 646 et
1570 612 1774 646 observare:
1798 614 1832 647 et
1856 621 1918 655 pro
1943 613 2107 655 predictis
2130 614 2248 648 omnib

460 678 492 709 et
517 676 661 719 singulis
685 676 735 709 sic
760 677 898 709 tirmiter
921 675 1138 708 attendendis
1163 675 1243 708 dicti
1269 674 1366 708 Prior
1390 673 1570 708 Generalis
1593 676 1627 708 et
1651 674 1785 708 Fratres
1808 675 1922 717 omnia
1946 675 2037 710 bona
2052 675 2133 710 dicti
2150 674 2292 714 Ordinis

459 738 588 771 eisdem
614 738 737 771 Abbati
763 740 795 771 et
820 736 1005 771 Canonicis
1029 737 1274 779 stipulantibus
1298 738 1331 770 et
1356 737 1600 779 recipientibus
1634 737 1771 779 nomine
1807 737 1888 778 dicti
1925 737 2120 772 monasterii
2153 725 2342 786 pignori—'223¹

459 800 706 842 obligaverunt,
731 809 798 842 que
823 801 913 833 bona
938 799 1088 842 obligata
1113 795 1193 832 dic'ti
1219 798 1315 832 Prior
1339 797 1518 833 Generalis
1542 801 1575 832 et
1593 798 1726 833 Fratres
1750 799 1998 833 constituerunt
2014 807 2052 833 se
2068 801 2290 843 tenere,poe·

460 863 572 896 sidere
597 864 629 895 et
654 863 764 904 quasi,
790 862 944 904 precario
969 862 1104 895 nomine
1129 862 1210 894 dicti
1235 861 1363 894 domini
1389 860 1534 894 Abbatis
1558 862 1592 894 et
1615 859 1866 895 Canonicorum
1891 863 1924 895 et
1949 861 2060 904 ipsius
2095 853 2338 907 monast-2:525

459 924 572 958 Sancti
599 924 702 958 Petri:
728 934 770 957 eo
795 924 908 964 modo,
933 924 1025 966 quod
1051 924 1080 957 si
1106 924 1259 966 predicta
1283 923 1397 956 omnia
1421 924 1454 956 et
1478 923 1613 966 singula
1638 932 1699 966 per
1733 932 1794 965 eos
1834 922 1984 957 Priorem
2010 925 2043 958 et
2067 923 2202 958 Fratres
2225 918 2334 958 ηο-ἓΜ

460 987 548 1019 mine
573 987 653 1019 dicti
679 985 830 1026 Ordinis,
855 995 922 1019 non
947 985 1073 1019 fuerint
1097 986 1261 1019 attendita
1285 987 1317 1019 et
1341 985 1525 1019 observata
1549 985 1583 1018 in
1607 985 1767 1018 omnibus
1790 986 1824 1019 et
1848 994 1910 1028 per
1947 985 2072 1026 omnia,
2106 987 2208 1029 prout

459 1049 574 1090 perius
599 1050 678 1081 sunt
702 1049 882 1090 promissa,
908 1048 1007 1082 liceat
1032 1050 1112 1082 tunc
1138 1047 1262 1081 Abbati
1288 1050 1321 1081 et
1346 1046 1531 1081 Canonicis
1557 1048 1668 1090 ipsius
1692 1048 1898 1088 monasterii,
1923 1048 2061 1090 propria
2077 1048 2207 1082 auctori
2230 1061 2245 1076 «ι

460 1111 582 1143 intrare
607 1112 639 1143 et
663 1110 920 1152 apprehendere
944 1112 1094 1143 tenutam
1119 1112 1152 1143 et
1175 1110 1386 1152 corporalem
1411 1110 1669 1151 possessionem
1693 1110 1843 1143 omnium
1869 1110 2035 1144 bonorum
2051 1110 2133 1144 dicti
2150 1108 2234 1144 Orci·

460 1173 602 1206 ubilibet
626 1173 845 1206 existentium
871 1175 903 1206 et
928 1182 1072 1215 quorum
1097 1182 1141 1206 ex
1166 1173 1252 1215 ipsis
1285 1172 1463 1205 voluerint.
1489 1171 1531 1205 Et
1555 1172 1631 1214 ipsa
1667 1172 1757 1205 bona
1781 1173 1814 1205 et
1838 1181 1905 1214 que
1929 1181 1973 1205 ex
1999 1172 2086 1215 ipsis
2121 1172 2239 1207 voluer

460 1235 642 1275 vendendi,
667 1235 848 1275 alienandi,
873 1235 906 1267 in
931 1244 968 1268 se
994 1235 1159 1268 retinendi
1184 1237 1217 1267 et
1241 1234 1405 1277 quicquid
1442 1234 1610 1267 voluerint
1644 1234 1791 1267 faciendi
1826 1243 1871 1267 ex
1908 1243 1997 1268 nunc
2021 1233 2103 1268 dieti
2128 1233 2225 1268 Prior

460 1297 593 1330 Fratres
618 1297 747 1330 eisdem
772 1296 897 1333 Abbati
923 1299 955 1330 et
980 1295 1176 1336 Canonicis,
1216 1297 1352 1330 nomine
1377 1296 1457 1330 dicti
1483 1296 1678 1329 monasterii
1703 1296 1948 1339 stipulantibus
1971 1298 2005 1330 et
2029 1296 2274 1339 recipientibuu

459 1359 628 1392 licentiam
653 1361 685 1392 et
709 1359 942 1393 auctoritatem
961 1359 1191 1391 omnimodam
1209 1358 1375 1391 dederunt
1388 1360 1420 1391 et
1437 1359 1692 1398 concesserunt,
1710 1366 1820 1400 usque
1834 1358 1877 1391 ad
1895 1358 2060 1401 integram
2076 1357 2250 1392 solution

458 1423 492 1454 et
516 1421 783 1454 satisfactionem
809 1421 1039 1463 predictorum
1065 1421 1216 1454 omnium
1241 1422 1274 1454 et
1299 1420 1521 1463 singulorum.

549 1483 589 1516 Et
614 1492 713 1516 versa
739 1483 814 1516 vice
839 1492 901 1525 pro
925 1483 1088 1525 predictis
1124 1483 1248 1529 pactis,
1281 1482 1579 1523 conventionibus,
1618 1482 1906 1524 promissionibus
1940 1484 1974 1516 et
2012 1481 2090 1516 aliis
2127 1491 2170 1516 su

460 1546 647 1587 spetialiter
670 1547 703 1578 et
727 1545 928 1587 generaliter
963 1545 1144 1585 denotatis,
1176 1545 1275 1578 factis
1300 1547 1333 1578 et
1364 1545 1489 1578 fiendis
1524 1553 1586 1586 per
1621 1545 1794 1586 predictos
1830 1543 1981 1578 Priorem
2017 1543 2184 1579 Generale

460 1608 593 1641 Fratres
610 1608 690 1641 dicti
709 1607 848 1641 Ordinis
866 1607 1098 1647 Eremitarum,
1116 1609 1149 1640 et
1165 1607 1208 1640 ad
1227 1616 1346 1649 pacem
1371 1608 1571 1649 perpetuam
1597 1607 1683 1640 inter
1706 1607 1803 1649 ipsos
1827 1607 2090 1647 observandam,
2113 1607 2189 1650 ipse

460 1671 523 1703 bas
548 1671 590 1703 de
615 1679 786 1703 consensu
813 1672 845 1703 et
869 1670 1042 1703 voluntate
1068 1670 1235 1702 dictorum
1269 1668 1519 1703 Canonicorum
1544 1671 1577 1702 et
1601 1669 1682 1702 dicti
1718 1669 1914 1702 monasterii
1951 1671 1984 1702 et
2019 1669 2085 1712 ipsi
2121 1667 2172 1703 Ca

461 1742 528 1765 una
552 1742 627 1765 cum
654 1733 745 1765 dicto
770 1731 914 1771 Abbate,
939 1741 1055 1765 eorum
1081 1732 1216 1765 nomine
1241 1734 1273 1765 et
1298 1732 1433 1764 nomine
1459 1731 1540 1764 dicti
1565 1731 1772 1771 monasterii,
1809 1733 2042 1764 convenerunt
2065 1733 2098 1765 et
2122 1739 2220 1774 prom

460 1796 535 1827 runt
560 1795 660 1827 dictis
685 1793 791 1827 Priori
818 1792 976 1827 Generali
1001 1795 1034 1827 et
1058 1794 1232 1827 Fratribus
1257 1793 1397 1827 Ordinis
1437 1793 1669 1833 Eremitarum,
1705 1793 1950 1835 recipientibus
1978 1795 2011 1826 et
2043 1793 2219 1836 stipulanti

460 1857 595 1889 nomine
620 1858 652 1889 et
677 1857 751 1889 vice
776 1857 856 1889 dicti
882 1855 1033 1896 Ordinis,
1059 1856 1152 1898 quod
1178 1856 1271 1889 nullo
1295 1858 1448 1898 tempore
1474 1855 1516 1888 de
1542 1857 1666 1895 cetero,
1691 1864 1752 1897 per
1775 1864 1813 1889 se
1831 1855 1885 1888 vel
1903 1855 2096 1890 submissas
2121 1862 2224 1898 perso

459 1919 594 1951 nomine
620 1927 683 1951 suo
708 1918 762 1951 vel
787 1919 867 1951 dicti
893 1918 1099 1958 monasterii,
1124 1918 1251 1951 directe
1277 1917 1330 1951 vel
1357 1918 1530 1958 indirecte,
1554 1918 1655 1951 tacite
1680 1917 1734 1950 vel
1760 1926 1937 1959 expresse,
1962 1917 2213 1960 quoquomodo

461 1982 585 2023 quovis
610 1981 783 2023 exquisito
808 1981 932 2021 colore,
958 1981 1099 2023 gratiam
1124 1981 1272 2022 aliquam
1298 1980 1351 2013 vel
1377 1980 1592 2022 privilegium
1609 1979 1749 2021 aliquod
1767 1980 1996 2022 impetrabunt
2011 1980 2045 2013 in
2062 1978 2211 2022 generali

461 2045 493 2076 in
519 2043 660 2085 speciali
685 2053 704 2076 a
729 2053 902 2085 quoquam
929 2044 961 2075 in
987 2042 1139 2078 Romana
1164 2041 1267 2076 Curia
1291 2042 1346 2076 vel
1370 2043 1462 2082 alibi,
1487 2051 1531 2075 ex
1556 2051 1625 2084 quo
1649 2041 1704 2075 vel
1729 2042 1856 2084 quibus
1885 2042 1996 2084 possit
2020 2042 2054 2075 in
2077 2041 2211 2085 aliquo¹

461 2106 570 2148 rogari
596 2106 819 2145 libertatibus,
844 2105 1044 2147 privilegiis,
1069 2105 1182 2145 statui,
1208 2105 1395 2138 honoribus
1419 2106 1452 2138 et
1476 2104 1607 2137 iuribus
1631 2104 1805 2146 aliquibus
1830 2104 1996 2137 dictorum
2021 2103 2173 2138 Fratrum

460 2169 626 2201 mitarum.
652 2168 692 2200 Et
717 2169 745 2201 si
771 2168 973 2210 contingerit
1003 2168 1114 2200 dictos
1150 2167 1318 2200 Abbatem
1343 2169 1376 2200 et
1400 2165 1607 2206 Canonicos,
1643 2175 1704 2208 per
1727 2174 1765 2199 se
1790 2166 1844 2199 vel
1881 2166 2082 2207 submissas,
2109 2174 2213 2209 perso

460 2231 514 2263 vel
539 2231 687 2272 aliquem
712 2239 840 2270 eorum,
865 2230 919 2263 vel
945 2230 1093 2272 aliquem
1117 2230 1220 2263 alium
1246 2230 1381 2262 nomine
1417 2229 1498 2262 dicti
1539 2229 1744 2268 monasterii,
1781 2229 1960 2271 impetrare
1984 2230 2017 2262 et
2040 2228 2193 2263 obtinere
2214 2248 2216 2250 -

460 2302 562 2334 quam
588 2293 729 2335 gratiam
754 2293 808 2325 vel
834 2293 1048 2335 privilegium
1074 2292 1224 2334 aliquod,
1250 2301 1293 2325 ex
1319 2301 1388 2334 quo
1427 2292 1538 2333 possit
1573 2291 1729 2333 derogari
1766 2293 1802 2324 ut
1837 2299 1951 2333 supra,
1987 2291 2221 2325 convenerunt

460 2356 708 2396 promisserunt
732 2355 812 2388 dicti
838 2354 957 2388 Abbas
982 2357 1014 2388 et
1039 2353 1216 2394 Canonici,
1241 2354 1352 2387 eidem
1377 2353 1484 2386 Priori
1509 2352 1668 2387 Generali
1697 2355 1731 2386 et
1755 2353 1938 2393 Fratribus,
1978 2353 2223 2395 recipientibus

461 2418 704 2459 stipulantibus
730 2418 864 2450 nomine
889 2418 970 2450 dicti
996 2416 1136 2450 Ordinis
1168 2417 1400 2456 Eremitarum,
1425 2416 1518 2458 quod
1543 2425 1620 2449 cum
1660 2416 1776 2449 debita
1811 2416 1894 2448 iuris
1929 2415 2167 2457 solempnitate
2202 2414 2212 2449 i

460 2480 565 2522 gratie
590 2482 622 2512 et
647 2480 846 2522 privilegiis,
871 2489 938 2521 que
964 2482 999 2512 ut
1023 2479 1209 2521 predicitur
1233 2479 1502 2521 impetrabuntur
1525 2480 1559 2511 et
1583 2478 1836 2518 obtinebuntur,
1861 2479 1894 2511 et
1917 2477 2078 2511 omnibus
2094 2478 2128 2511 et
2143 2476 2196 2511 sin

461 2542 591 2575 iuribus
608 2551 674 2583 que
692 2542 736 2574 ob
754 2542 788 2574 id
806 2542 906 2574 dictis
924 2541 1049 2574 Abbati
1074 2543 1107 2574 et
1131 2540 1317 2574 Canonicis
1334 2541 1561 2582 acquirentur,
1597 2540 1820 2582 resignabunt
1851 2541 1884 2572 et
1915 2539 2166 2580 renuntiabunt,
2200 2546 2225 2583 q

460 2604 672 2645 tiescumque
698 2604 808 2636 eidem
833 2603 957 2636 Abbati
983 2605 1015 2636 et
1039 2602 1224 2637 Canonicis
1249 2612 1310 2644 per
1333 2602 1444 2635 dictos
1461 2601 1612 2635 Priorem
1629 2603 1662 2635 et
1679 2601 1812 2635 Fratres
1829 2600 1969 2635 Ordinis
1986 2600 2218 2640 Eremitarum,
2307 2650 2312 2652 Ἴ

460 2675 521 2707 per
544 2675 660 2698 eorum
685 2666 895 2708 legiptimum
920 2666 1090 2699 sindicum
1115 2666 1179 2698 hoc
1203 2665 1303 2698 fuerit
1327 2665 1572 2698 denuntiatum.
1598 2664 1639 2697 Et
1663 2673 1707 2697 ex
1732 2673 1821 2697 nunc
1847 2664 2038 2697 renuntiant
2062 2665 2095 2697 et
2117 2655 2317 2715 resignnssssff

462 2737 522 2769 per
546 2730 682 2769 pactum
708 2737 911 2770 expressum
937 2730 969 2761 et
994 2729 1084 2761 omni
1109 2728 1177 2761 alio
1202 2728 1272 2760 iure
1297 2729 1329 2760 et
1362 2727 1464 2760 modo
1500 2727 1627 2768 quibus
1656 2726 1779 2760 melius
1813 2727 1970 2768 possunt.
2007 2725 2048 2758 Et
2082 2725 2175 2767 quod
2211 2723 2222 2759 i

462 2790 532 2822 iure
558 2791 590 2822 et
613 2789 703 2822 iacto
728 2790 892 2831 predicta,
928 2799 995 2832 que
1020 2791 1070 2823 sic
1100 2789 1369 2831 impetrabuntur
1393 2791 1426 2822 et
1450 2789 1693 2821 obtinebuntur
1727 2787 1854 2821 nullius
1890 2787 1973 2820 iuris
1997 2789 2030 2820 et
2054 2786 2182 2820 valoris
2217 2794 2236 2820 e

463 2853 562 2891 stant,
587 2852 651 2884 nisi
678 2852 830 2893 predicta
853 2852 977 2885 fuerint
1001 2853 1179 2894 impetrata
1204 2852 1247 2884 de
1271 2860 1438 2893 expressa
1463 2851 1637 2884 voluntate
1661 2850 1828 2884 dictorum
1869 2849 2020 2882 Fratrum
2057 2848 2243 2882 Eremitaru

554 2913 632 2945 Item
658 2914 686 2946 si
711 2914 912 2956 contingerit
937 2914 1084 2956 aliquam
1109 2914 1250 2957 gratiam
1276 2913 1329 2946 vel
1355 2913 1570 2955 privilegium
1605 2912 1745 2954 aliquod
1781 2911 1923 2945 concedi
1959 2911 2061 2944 dictis
2096 2910 2221 2944 Abbati

464 2974 649 3008 Canonicis
674 2984 694 3008 a
718 2975 869 3010 Romana
894 2974 997 3009 Curia
1021 2977 1075 3009 vel
1101 2977 1192 3016 alibi,
1217 2985 1261 3009 ex
1286 2985 1355 3018 quo
1379 2975 1433 3008 vel
1459 2975 1586 3017 quibus
1610 2975 1721 3016 possit
1745 2974 1901 3016 derogari
1926 2973 2150 3013 libertatibus,
2185 2972 2292 3019 privi-
2310 2995 2311 2998 =
2333 2998 2349 3023 Ἲς,

464 3037 610 3079 vilegiis,
634 3037 866 3079 dignitatibus,
892 3038 1004 3078 statui,
1038 3024 1226 3072 honoribus
1250 3040 1282 3072 et
1307 3038 1437 3071 iuribus
1476 3037 1650 3079 aliquibus
1673 3037 1840 3070 dictorum
1877 3035 2029 3069 Fratrum
2058 3034 2290 3073 Eremitarum,

465 3101 557 3132 motu
583 3099 720 3140 proprio
745 3097 872 3132 Summi
906 3098 1092 3140 Pontificis,
1117 3100 1171 3133 vel
1198 3100 1356 3133 habentis
1391 3099 1625 3132 auctoritatem
1649 3098 1694 3131 ab
1717 3107 1770 3138 eo,
1795 3106 1863 3131 non
1887 3097 1931 3131 ad
1948 3096 2203 3139 requisitionem
2227 3102 2289 3129 seu
2327 3104 2364 3149 fi,
