2496 3600
478 226 543 265 148
566 210 570 213 ’

1309 518 1468 562 XCII.

569 630 741 660 Giacomo
777 629 836 659 dal
873 629 1003 658 Verme
1040 627 1202 658 dichiara
1226 627 1275 671 gli
1300 627 1478 666 splendidi
1514 628 1665 659 runci-ali
1701 628 1738 659 di
1770 637 1836 660 suo
1858 629 1970 668 padre
1993 629 2154 661 Luchino
2177 636 2302 662 essere

479 683 564 714 stati
590 683 669 713 fatti
694 683 729 712 in
754 683 790 712 S.
817 682 993 720 Agostino
1019 681 1218 712 solamente
1241 690 1304 720 per
1328 690 1375 712 un
1399 681 1568 720 riguardo
1592 681 1665 720 agli
1690 682 1888 713 Eremitani
1903 679 1966 725 (1)

1123 795 1278 829 1389,
1307 796 1548 829 ottobre9
1576 795 1657 823 13.

944 883 1048 909 (Bibliot,
1065 884 1133 907 Unlv.
1148 884 1171 906 dl
1187 884 1268 911 Pavia,
1283 883 1342 907 eod.
1357 890 1380 906 n.
1395 884 1436 907 ⁴28
1450 894 1476 900 —
1491 884 1598 912 Pergam.
1613 884 1637 907 di
1652 884 1676 908 S.
1692 884 1825 913 Ago-tino).

497 1112 498 1129 3
555 1072 674 1189 Α
726 1087 805 1116 ΝΝΟ
830 1092 849 1116 3
874 1083 1048 1116 nativitate
1073 1081 1210 1116 Domini
1236 1082 1422 1116 Millesimo
1446 1084 1684 1118 trecentesimo
1709 1084 1944 1127 octuagesimo
1983 1093 2085 1125 nono,
2121 1084 2307 1124 indictione

496 1174 498 1204 4
749 1146 962 1186 duodecima,
987 1146 1042 1179 die
1067 1146 1231 1185 mercurii,
1257 1146 1362 1179 tercio
1386 1146 1520 1180 decimo
1546 1147 1674 1180 mensis
1709 1147 1872 1187 octubris,
1897 1147 1980 1181 hora
2003 1156 2102 1182 none.
2128 1146 2164 1181 ln
2187 1134 2317 1194 Papia,
2334 1195 2335 1198 Ἴ
2351 1157 2363 1179 -ι

672 1245 715 1247 ῃ
749 1209 907 1242 videlicet
932 1209 964 1241 in
990 1209 1092 1242 domo
1117 1209 1344 1242 habitacionis
1369 1209 1572 1252 infrascripti
1598 1209 1726 1242 domini
1752 1207 1886 1249 lacomi,
1900 1209 2013 1252 posita
2026 1209 2059 1242 in
2073 1208 2175 1244 Porta
2191 1207 2308 1244 sancti

482 1271 572 1305 Petri
598 1272 640 1305 ad
666 1281 808 1311 murum,
835 1272 867 1304 in
893 1271 1054 1313 parochia
1079 1269 1202 1304 Sancte
1228 1271 1337 1304 Marie
1373 1271 1572 1314 Imperticha
1589 1268 1652 1312 (2),
1677 1271 1710 1304 in
1735 1271 1914 1314 presencia
1950 1270 2109 1305 lacomini
2133 1271 2178 1305 de
2200 1270 2312 1315 Impe-
2345 1262 2394 1317 ‘j'

482 1337 591 1368 ratore
617 1335 735 1368 notarii
762 1334 967 1376 infrascripti
992 1336 1024 1367 et
1049 1334 1184 1367 testium
1210 1334 1512 1376 infrascriptorum.
1538 1332 1743 1376 Spectabilis
1767 1336 1800 1367 et
1825 1334 1985 1377 egregius
2020 1334 2123 1368 milex
2146 1334 2308 1369 dominus

482 1397 627 1430 lacobus
652 1397 694 1430 de
720 1396 840 1430 Verme
876 1396 967 1430 filius
1003 1396 1148 1429 condam
1185 1397 1312 1429 strenui
1337 1398 1370 1430 et
1394 1396 1593 1438 spectabilis
1629 1395 1756 1429 millitis
1790 1396 1919 1430 domini
1945 1396 2084 1430 Luchini
2108 1395 2152 1430 de
2175 1395 2309 1437 verme,
2359 1383 2363 1397 ³

483 1460 526 1493 ad
552 1462 700 1493 eternam
727 1469 784 1501 rey
810 1459 1004 1492 memoriam
1030 1461 1062 1492 et
1087 1461 1121 1492 ut
1146 1459 1271 1492 veritas
1295 1467 1432 1501 semper
1454 1459 1498 1492 de
1523 1458 1748 1501 infrascriptis
1783 1461 1958 1501 appareat,
1982 1459 2073 1492 omni
2099 1459 2182 1499 iure,
2205 1451 2310 1498 modo
2342 1465 2377 1509 ‘j

480 1525 515 1556 et
541 1523 648 1555 forma
674 1523 800 1564 quibus
826 1522 946 1555 melius
971 1523 1080 1564 potuit
1105 1523 1138 1554 et
1162 1523 1286 1564 potest,
1311 1522 1685 1564 intervenientibusque
1703 1521 1829 1555 ibidem
1846 1521 2146 1564 solempnitatibus
2167 1521 2313 1565 quibus—
2358 1510 2363 1518 υ

490 1595 646 1627 cumque,
673 1586 704 1617 in
730 1586 856 1618 talibus
881 1587 913 1618 et
938 1585 1108 1618 similibus
1148 1584 1273 1617 debitis
1298 1586 1330 1617 et
1354 1584 1561 1618 necessariis
1596 1586 1628 1617 et
1663 1585 1877 1627 opportunis,
1913 1585 2001 1618 dixit
2035 1586 2070 1618 et
2103 1586 2315 1628 protestatus
2355 1594 2386 1620 .;.

481 1648 546 1680 fuit
571 1651 602 1680 et
627 1648 707 1680 dicit
732 1650 764 1680 et
789 1649 995 1689 protestatur
1020 1655 1141 1680 versus
1167 1646 1372 1680 lacominum
1397 1647 1440 1680 de
1465 1646 1670 1689 Imperatore
1706 1647 1873 1680 notar-ium
1909 1646 2160 1690 infrascriptum
2185 1648 2222 1681 ut
2243 1639 2309 1691 puss
2332 1673 2335 1676 .

486 1711 606 1744 blicam
645 1720 826 1752 personam
862 1711 1079 1752 recipientem
1105 1712 1137 1743 et
1161 1710 1380 1752 stipulantem
1417 1710 1504 1743 hanc
1540 1710 1816 1752 protestationem
1841 1712 1875 1743 et
1898 1709 2113 1753 infrascripta
2136 1710 2252 1744 omnia
2273 1711 2308 1744 et
2356 1721 2364 1752 ς

482 1773 629 1815 singula,
655 1774 801 1812 nomine,
827 1773 901 1806 vice
926 1775 959 1805 et
983 1773 1025 1805 ad
1051 1774 1180 1814 partem
1205 1773 1238 1805 et
1263 1772 1440 1805 utilitatem
1453 1773 1604 1805 omnium
1621 1781 1854 1815 personarum,
1871 1773 2076 1813 comunium,
2092 1765 2312 1821 collegiorum¹

481 1838 515 1868 et
542 1836 796 1868 universitatum
823 1845 965 1877 quarum
991 1837 1022 1868 et
1047 1844 1191 1877 quorum
1217 1835 1355 1868 interest
1379 1844 1440 1868 seu
1465 1836 1498 1868 in
1523 1835 1672 1868 futurum
1697 1835 1820 1877 poterit
1843 1835 2101 1877 quomodolibet
2136 1835 2311 1876 interesse.
2354 1849 2372 1871 ·,

483 1898 576 1939 quod
603 1898 791 1940 prelibatus
817 1898 960 1930 condam
986 1898 1146 1930 dominus
1172 1897 1344 1930 Luchinus
1368 1898 1443 1930 eius
1467 1898 1600 1940 genitor
1623 1897 1774 1931 decessit
1798 1898 1831 1930 in
1857 1897 2011 1940 partibus
2036 1892 2264 1932 ultramarinis
2278 1898 2314 1938 et
2356 1886 2378 1908 ²

483 1961 576 2002 quod
603 1961 727 1993 ibidem
754 1961 909 2002 sepultus
935 1960 1007 2000 fuit,
1033 1962 1065 1993 et
1089 1960 1181 2002 quod
1208 1960 1282 2002 ipse
1307 1960 1468 1993 dominus
1493 1959 1648 2000 lacobus,
1673 1960 1718 1993 ob
1737 1960 1964 1994 reverenciam
1981 1960 2061 1994 dicti
2078 1959 2224 1994 condam
2237 1959 2315 1995 eius

482 2024 657 2066 genitoris,
694 2023 772 2056 fecit
796 2024 866 2056 fieri
893 2024 924 2055 in
951 2023 1087 2056 civitate
1123 2022 1228 2064 Papie
1266 2023 1501 2056 funerallia·et
1526 2023 1687 2056 honorem
1712 2024 1744 2056 et
1768 2023 1935 2066 obsequia
1959 2031 2070 2063 casse,
2095 2023 2172 2057 loco
2195 2024 2230 2057 et
2251 2016 2316 2066 pro
2359 2034 2367 2041 >’

484 2086 662 2118 hincontro
686 2086 765 2118 dicti
791 2086 918 2117 domini
944 2086 1117 2127 genitoris,
1143 2085 1185 2117 ad
1212 2085 1394 2118 ecclesiam
1431 2085 1571 2118 fratrum
1609 2085 1852 2118 Heremitarum
1889 2085 1998 2118 sancti
2023 2083 2205 2128 Augustini
2229 2074 2316 2119 civiss
2351 2078 2381 2121 J:

485 2149 565 2181 tatis
593 2147 697 2189 Papie
724 2150 755 2180 et
781 2148 889 2189 ipsam
916 2157 1050 2180 cassam
1077 2157 1152 2180 cum
1178 2148 1382 2180 reverenciis
1407 2150 1439 2180 et
1463 2147 1762 2190 solempnitatibus
1780 2148 1905 2181 debitis
1923 2149 2048 2190 portari
2065 2147 2144 2182 fecit
2166 2156 2187 2181 3
2213 2147 2318 2191 domo

484 2219 548 2244 sua
586 2211 627 2243 ad
666 2211 791 2243 dictam
829 2211 1018 2250 ecclesiam,
1056 2211 1347 2252 contemplacione
1384 2213 1417 2243 et
1453 2211 1497 2243 ob
1533 2211 1763 2244 reverenciam
1799 2210 1927 2244 Prioris
1951 2213 1984 2244 et
2009 2210 2160 2244 Fratrum
2177 2209 2319 2244 Ordinis
2371 2210 2386 2234 -’

491 2274 736 2306 Heremitarum
756 2274 844 2306 dicte
862 2274 1006 2306 ecclesie
1025 2271 1086 2314 (3).
1102 2273 1142 2306 Et
1159 2274 1252 2315 quod
1270 2274 1341 2305 nixi
1359 2273 1506 2306 fuissent
1522 2273 1706 2315 singularis
1724 2274 1868 2306 devocio
1884 2275 1916 2306 et
1932 2282 2027 2306 amor
2043 2282 2146 2315 quam
2163 2274 2196 2307 et
2212 2281 2316 2316 quem
2343 2300 2346 2302 .

487 2338 544 2369 diu
572 2337 758 2378 prelibatus
784 2337 929 2369 condam
956 2337 1116 2369 dominus
1142 2337 1315 2369 Luchinus
1340 2338 1371 2369 et
1395 2336 1507 2368 dictus
1532 2337 1691 2369 dominus
1717 2335 1861 2369 lacobus
1885 2338 1917 2369 et
1941 2345 2057 2369 eorum
2081 2338 2320 2370 antecessores
2347 2332 2356 2368 1'
2367 2342 2385 2378 ζμ

543 2495 574 2518 (l)
590 2495 619 2516 La
636 2495 807 2516 dichiarazionc
822 2495 844 2516 di
861 2494 973 2516 Giacomo
988 2494 1025 2516 dal
1043 2495 1126 2516 verme
1148 2494 1171 2516 fu
1195 2496 1324 2520 provocata
1346 2494 1375 2516 da

491 2545 537 2560 una
553 2540 669 2566 petizione
684 2539 720 2560 dei
739 2540 763 2560 10
778 2539 870 2566 maggio
887 2539 945 2565 1387,
970 2545 1014 2560 con
1036 2539 1071 2560 cui
1095 2539 1100 2560 i
1123 2539 1232 2561 Canonici
1256 2538 1376 2566 giudizlal-

492 2586 568 2605 mente
584 2584 771 2610 domandavano,
786 2583 820 2605 fra
837 2583 907 2605 molte
922 2584 980 2605 altre
995 2589 1051 2605 cose
1066 2584 1118 2609 (che
1133 2583 1243 2605 vedremo
1261 2583 1377 2605 ricordate

492 2629 514 2649 in
530 2634 574 2649 una
597 2629 708 2650 sentenza
724 2628 760 2650 del
780 2628 804 2650 16
819 2629 904 2654 agosto
920 2628 955 2649 del
973 2628 1040 2654 1392),
1056 2627 1120 2650 fosse
1135 2628 1185 2650 loro
1199 2629 1342 2654 consegnata
1358 2628 1379 2650 la

493 2673 554 2694 meta
570 2673 605 2694 dei
622 2674 694 2695 valori
711 2673 806 2695 ricevuti
825 2673 886 2700 dagli
909 2673 1034 2695 Eremitani
1050 2674 1071 2694 in
1087 2674 1211 2695 occasione
1233 2673 1255 2694 di
1277 2673 1374 2694 funerali

492 2718 514 2738 di
531 2717 687 2739 distintissimi
703 2718 852 2744 personaggi,
868 2723 880 2739 e
896 2725 906 2735 «
923 2718 998 2744 primo
1013 2723 1055 2744 pro
1071 2723 1170 2745 corpore
1185 2718 1271 2739 domini
1284 2718 1376 2739 Luchinl

493 2761 522 2782 de
538 2762 622 2783 verino
638 2762 740 2784 florenos
755 2762 910 2788 quadraginta
923 2770 941 2782 »A
955 2762 1058 2783 Luchino
1074 2762 1111 2783 dal
1128 2762 1220 2789 verme,
1231 2762 1245 2783 il
1257 2762 1380 2783 notissimo

493 2806 602 2832 capitano
618 2806 747 2832 visconteo,
763 2806 820 2828 morl
836 2807 871 2827 nel
888 2806 939 2827 Mar
955 2812 1010 2828 nero
1025 2806 1059 2828 fra
1074 2806 1186 2828 l'ottobre
1201 2806 1239 2828 del
1257 2806 1330 2829 rasse
1340 2807 1380 2828 l'a-

495 2850 552 2876 prile
567 2850 603 2871 del
621 2850 679 2877 1367,
694 2856 707 2871 a
723 2850 798 2872 burdo
808 2851 830 2872 dl
842 2856 887 2872 una
898 2850 957 2872 delle
973 2850 1038 2877 galee
1053 2850 1179 2872 veneziane
1194 2856 1305 2872 concesse
1320 2851 1380 2872 dalla

495 2893 637 2920 Repubblica
653 2895 682 2916 ad
697 2895 800 2916 Amedeo
815 2895 844 2917 Vl
860 2895 882 2916 di
898 2894 983 2916 Savoia
999 2900 1039 2921 per
1054 2895 1076 2916 la
1091 2900 1134 2916 sua
1150 2895 1285 2922 spedizione
1307 2896 1329 2917 in
1351 2895 1380 2918 0-

494 2939 568 2959 ricnte
583 2938 618 2962 (G.
636 2939 734 2965 ΟΑττΑ,
751 2939 845 2966 Spediz.
862 2940 886 2961 in
904 2939 943 2961 Or⁴
961 2940 986 2961 di
1001 2939 1103 2962 Amedeo
1123 2940 1154 2962 VI
1165 2942 1234 2962 conte
1249 2940 1275 2962 dl
1285 2940 1379 2966 Savoi'a,

494 2982 589 3007 Torino,
616 2983 681 3008 1826).
705 2983 770 3005 Della
793 2984 866 3005 salma
882 2984 959 3010 dilui,
984 2984 1077 3010 sepolta
1101 2984 1123 3006 in
1139 2983 1337 3012 Costantinopoli,
1360 2986 1380 3007 si

496 3027 560 3053 parla
577 3028 635 3048 nella
651 3028 733 3049 lettera
748 3028 767 3049 V
783 3028 819 3049 del
834 3028 873 3050 lib.
890 3028 938 3050 Vlll
963 3028 1023 3050 delle
1045 3028 1122 3051 Senlll
1143 3029 1180 3050 del
1202 3029 1345 3056 ΡΕΤΚΑΒΕΑ,
1367 3030 1382 3051 il

497 3070 565 3097 quale
581 3071 691 3097 risponde
706 3077 718 3092 a
734 3071 846 3093 Giacomo
861 3072 899 3093 dal
915 3072 1006 3099 Verme,
1021 3073 1064 3094 che
1079 3073 1140 3094 nelo
1150 3078 1224 3095 aveva
1239 3074 1381 3101 consultato,

496 3114 710 3140 sull'opportunita
736 3115 757 3135 di
782 3115 840 3136 faria
862 3117 1008 3142 trasportare
1023 3117 1045 3137 in
1061 3116 1140 3143 Pavia,
1163 3117 1223 3139 dove
1243 3118 1262 3139 sl
1284 3118 1382 3140 trovava

1431 2494 1445 2515 11
1461 2495 1532 2521 poeta
1547 2494 1583 2516 nei
1600 2493 1658 2516 1367.
1674 2494 1732 2516 vedl
1747 2494 1774 2516 v.
1791 2493 1868 2521 nessi.
1890 2494 1910 2516 11
1925 2493 2040 2516 Permrca
2061 2499 2077 2516 a
2098 2493 2182 2520 paura,
2203 2493 2226 2516 in
2244 2492 2312 2523 pou.

1430 2539 1495 2561 della
1510 2539 1562 2561 Soc.
1575 2545 1664 2566 pavcse
1674 2539 1700 2560 di
1709 2540 1770 2561 sfor.
1782 2540 1857 2566 patr..
1874 2539 1934 2565 190⁴,
1949 2544 2002 2566 pag.
2018 2539 2066 2565 ⁴1⁷,
2082 2544 2126 2561 ove
2140 2538 2156 2560 il
2170 2538 2314 2568 docum
2335 2536 2369 2578 ‘³'-

1432 2583 1455 2606 fu
1471 2583 1509 2610 gia
1525 2583 1581 2605 dato
1596 2583 1626 2605 da
1641 2583 1669 2605 G.
1685 2583 1806 2610 Romo,
1821 2589 1875 2611 pag.
1890 2583 1931 2606 378
1945 2582 1982 2605 del
1998 2583 2056 2605 1901.

1487 2628 1517 2654 (2)
1534 2628 1542 2650 l
1557 2627 1690 2650 documenti
1705 2628 1728 2650 dl
1743 2629 1830 2655 questo
1842 2628 1924 2654 tempo
1941 2628 1963 2650 c'
1970 2628 2099 2655 insegnano
2112 2627 2155 2650 che
2169 2627 2184 2650 il
2199 2627 2319 2655 quantae
2348 2620 2374 2622 ’

1430 2673 1452 2694 di
1467 2672 1490 2695 S*
1507 2672 1586 2694 Pietro
1601 2673 1622 2694 31
1638 2672 1708 2694 Muro
1723 2677 1762 2694 era
1777 2672 1792 2694 il
1806 2671 1846 2699 piu
1861 2672 2024 2694 aristocratico
2039 2672 2099 2694 della
2113 2672 2170 2694 citt&
2180 2671 2318 2700 edanu-

1433 2718 1483 2738 tato
1499 2717 1528 2738 da
1543 2717 1683 2744 personaggl
1698 2717 1803 2744 cospicui
1817 2716 1908 2739 addetti
1923 2717 1969 2739 alla
1990 2718 2063 2743 corte,
2084 2717 2127 2739 che
2147 2716 2279 2744 allegant
2300 2714 2318 2742 U
2331 2706 2370 2750 f..

1436 2767 1520 2788 presso
1534 2761 1570 2783 nel
1585 2761 1677 2783 famoso
1692 2761 1790 2783 castello
1803 2761 1902 2783 fondato
1916 2761 1946 2783 da
1963 2761 2079 2783 mazzo
2094 2761 2112 2782 ll
2127 2766 2140 2783 e
2153 2761 2268 2788 abbellito
2286 2759 2318 2785 fl
2344 2754 2377 2783 ’ἔτί

1434 2806 1493 2828 Gian
1508 2806 1632 2828 Galeazzo.
1648 2805 1676 2828 G.
1689 2805 1813 2832 Romo,
1829 2805 1912 2828 meam
1926 2805 2036 2833 spinelli,
2051 2806 2143 2833 Nepoti,
2159 2805 2238 2828 Pierro
2247 2811 2262 2828 e
2274 2804 2319 2834 VO,

1436 2850 1502 2877 raldi,
1520 2850 1578 2877 1902,
1594 2855 1648 2877 pag.
1663 2849 1710 2872 368.

1488 2894 1518 2920 (3)
1534 2894 1541 2916 1
1556 2894 1654 2916 funerati
1668 2894 1779 2921 adunque
1793 2893 1813 2916 si
1827 2893 1906 2916 fecero
1919 2899 1991 2916 senza
2005 2894 2027 2916 111
2041 2894 2124 2921 salma,
2143 2893 2283 2921 portando-i
2294 2893 2319 2917 h
2338 2911 2339 2914 ,
2358 2891 2375 2912 :²

1435 2945 1503 2961 cassa
1519 2940 1591 2961 vuota
1605 2944 1649 2960 con
1664 2938 1752 2966 grande
1765 2939 1882 2965 apparato
1895 2938 1993 2960 funebre
2007 2938 2068 2961 dalla
2082 2944 2138 2961 casa
2152 2939 2190 2960 dal
2205 2935 2319 2962 vermes·
2338 2940 2353 2972 ‘gs
2365 2961 2374 2972 s

1436 2984 1458 3006 S.
1475 2984 1598 3011 Agostino.
1613 2983 1664 3010 Cio,
1679 2983 1722 3005 che
1736 2983 1852 3010 potrebbe
1866 2989 1907 3006 ora
1921 2984 2041 3006 sembrare
2054 2985 2144 3011 strano,
2158 2990 2198 3006 era
2212 2984 2319 3007 uell’oen

1437 3029 1459 3050 di
1475 3029 1528 3056 quei
1544 3028 1629 3055 tempi:
1644 3028 1664 3050 si
1679 3028 1763 3050 ricordl
1777 3028 1808 3050 ad
1822 3028 1928 3056 esempio
1941 3028 1957 3050 11
1971 3033 2028 3056 gran
2041 3028 2146 3051 funerale
2160 3029 2182 3051 di
2197 3029 2256 3051 ssiu
2274 3027 2321 3052 0·-

1437 3074 1526 3100 leazzo,
1541 3073 1660 3095 celebrato
1674 3078 1688 3094 a
1703 3072 1792 3095 milano
1801 3073 1817 3094 il
1827 3073 1966 3100 mottobre,
1978 3073 2036 3095 1⁴02.
2048 3073 2096 3096 Cir.
2105 3073 2160 3097 Rer.
2172 3074 2225 3096 ital.
2235 3073 2319 3102 script.
2356 3083 2374 3104 3

1438 3118 1484 3140 voi.
1502 3118 1561 3144 xvi,
1575 3117 1619 3139 coi.
1633 3117 1692 3144 meu
1702 3123 1715 3139 e
1725 3117 1829 3144 mutim.
1844 3117 1958 3140 memorre
1967 3117 2159 3145 c11m1ano‚vor.
2170 3118 2208 3145 vi,
2220 3117 2318 3146 μιᾶς.
