2496 3600
1246 39 1247 42 ,
1418 38 1422 49 t
1460 31 1462 35 '
1556 35 1558 37 >
1686 29 1698 46 ⁴³
1783 35 1794 46 *ι
1812 41 1819 49 η
1914 37 1918 45 =

492 253 537 287 22

490 388 685 421 concedens
710 388 798 421 idem
824 388 1036 422 constituens
1061 387 1223 430 predictis
1247 386 1535 428 procuratoribus,
1559 386 1744 427 actoribus,
1768 386 1922 427 sindicis‚
1945 387 2184 422 defensoribus
2207 390 2241 423 et
2257 397 2317 423 ne-

489 450 656 492 gotiorum
681 450 875 493 gestoribus
906 450 1040 492 plenam
1065 451 1097 482 et
1123 449 1260 482 liberam
1297 450 1499 490 potestatem
1523 450 1556 482 et
1580 449 1730 491 speciale
1765 449 1959 483 mandatum
1984 458 2046 492 pro
2077 450 2155 493 ipso
2189 450 2317 485 consti-

491 514 606 546 tuente
631 515 663 546 et
689 522 750 555 pro
775 514 846 547 toto
870 511 998 546 Ordine
1024 512 1177 554 predicto
1205 511 1340 553 agendi,
1365 510 1582 551 defendendi,
1607 510 1756 545 libellum
1781 511 1855 546 sive
1880 511 2014 546 libellos
2049 512 2152 547 dandi
2177 514 2210 547 et
2232 513 2318 547 offe·

490 576 595 615 rendi,
621 575 711 608 litem
736 575 960 615 contestandi,
985 575 1027 608 de
1045 574 1238 616 calumpnia
1255 575 1288 606 et
1304 573 1486 607 cuiuslibet
1502 572 1648 607 ‘alterius
1665 574 1800 617 generis
1817 574 2038 608 iuramentum
2056 575 2089 608 in
2107 575 2217 618 ipsius
2233 584 2316 610 con-

488 638 659 671 stituentis
683 638 827 670 animam
853 637 1026 679 prestandi
1051 638 1084 669 et
1109 635 1289 675 subeundi,
1314 637 1420 669 testes
1443 637 1476 668 et
1501 635 1721 669 instrumenta
1745 636 1967 678 producendi,
1985 637 2171 679 productos
2187 639 2220 671 et
2236 646 2316 680 pro-

486 700 589 733 ducta
625 700 840 742 reprobandi,
872 699 1077 740 excipiendi,
1102 698 1300 740 duplicandi
1317 700 1350 731 et
1367 697 1570 740 triplicandi,
1587 698 1825 738 concludendi,
1841 699 2049 741 appellandi,
2062 699 2311 742 appellationes

488 762 717 804 prosequendi
743 762 817 794 eius
843 762 977 794 nomine
1002 763 1034 794 et
1059 769 1121 802 pro
1146 761 1222 802 ipso
1239 769 1259 793 a
1276 759 1550 802 quibuscumque
1568 760 1753 794 sentenciis
1769 761 1911 794 canonis
1929 760 1983 794 vel
2001 761 2158 802 hominis,
2175 762 2204 796 si
2221 770 2311 804 opus

486 824 585 857 fuerit
609 824 836 856 absolutionis
861 823 1062 856 beneficium
1100 822 1312 864 impetrandi,
1349 822 1463 855 literas
1498 823 1606 855 eciam
1642 822 1820 865 privilegia
1843 825 1877 856 et
1901 823 2065 865 rescripta
2100 823 2321 866 impetrandi,·

488 886 746 928 impetrantibus
771 885 1037 924 contradicendi,
1062 885 1104 917 de
1131 884 1216 917 locis
1240 886 1272 917 et
1297 884 1468 918 iudicibus
1493 885 1731 924 conveniendi,
1756 885 1788 918 in
1814 885 1979 928 integrum
2005 886 2227 920 restitutionis
2256 886 2317 921 be-
2374 883 2400 928 :}.'

486 949 642 981 neticium
667 950 735 980 tam
761 948 948 980 incidenter
971 956 1072 989 quam
1098 946 1329 988 principaliter
1353 947 1555 989 implorandi
1580 949 1613 980 et
1637 946 1844 989 postulandi,
1873 948 2015 990 negocia
2047 948 2158 991 ipsius
2189 949 2317 983 consti-

487 1011 612 1044 tuentis
637 1013 669 1044 et
693 1011 804 1043 tocius
829 1009 968 1043 Ordinis
993 1010 1127 1052 agendi,
1163 1009 1301 1052 gerendi
1327 1011 1359 1042 et
1391 1009 1660 1049 administrandi,
1697 1019 1799 1043 unum
1835 1010 1889 1043 vel
1925 1010 2042 1052 plures
2077 1013 2316 1053 procuratores

485 1073 727 1112 substituendi,
753 1073 957 1105 substitutos
982 1072 1177 1112 revocandi,
1202 1071 1396 1114 specialiter
1411 1074 1444 1105 et
1461 1080 1626 1114 expresse
1650 1071 1809 1111 faciendi,
1834 1072 1995 1112 inhiendi,
2007 1073 2173 1106 tractandi
2190 1074 2224 1106 et
2239 1081 2317 1116 per·
2374 1067 2389 1077 ’“

483 1135 618 1168 ficiendi
645 1137 744 1176 pacta
769 1137 801 1167 et
826 1134 1071 1168 conventiones
1096 1134 1231 1167 nomine
1256 1134 1365 1176 ipsius
1390 1134 1628 1167 constituentis
1651 1137 1684 1167 et
1707 1134 1819 1167 tocius
1843 1133 1983 1168 Ordinis
1999 1134 2142 1177 predicti
2159 1143 2236 1168 cum
2252 1143 2313 1169 ve-

485 1197 625 1230 nerabili
652 1198 684 1229 in
710 1195 847 1230 Christo
872 1199 966 1239 patre
991 1197 1130 1229 domino
1154 1195 1218 1229 Dei
1243 1197 1350 1239 gratia
1374 1195 1507 1229 Abbate
1540 1197 1734 1230 monasterii
1770 1195 1884 1230 Sancti
1922 1195 2011 1230 Petri
2036 1197 2069 1230 in
2101 1197 2176 1231 celo
2211 1206 2316 1232 aureo

484 1260 662 1301 papiensis
686 1262 718 1292 et
743 1269 819 1292 cum
845 1260 955 1302 ipsius
979 1259 1173 1293 monasterii
1199 1257 1379 1292 Conventu
1404 1259 1457 1292 vel
1483 1268 1559 1292 cum
1585 1259 1736 1301 ipsorum
1761 1259 1974 1292 dominorum
2002 1259 2148 1293 Abbatis
2174 1261 2208 1293 et
2224 1257 2318 1294 Con-

484 1324 607 1355 ventus
633 1322 776 1361 sindico,
801 1331 970 1364 yconomo
995 1321 1047 1354 vel
1074 1323 1302 1363 procuratore.
1327 1319 1479 1359 Quorum
1505 1321 1642 1363 quidem
1668 1322 1843 1363 pactorum
1868 1323 1901 1354 et
1925 1321 2196 1355 convencionum
2218 1323 2318 1356 tenor

485 1384 564 1417 talis
588 1386 657 1417 est:

574 1446 722 1479 Primum
748 1445 942 1488 Capitulum
968 1446 1060 1488 quod
1086 1446 1280 1488 promittant
1305 1446 1370 1487 ipsi
1396 1445 1529 1478 Fratres
1553 1444 1692 1479 Ordinis
1718 1445 1962 1478 Heremitarum
1986 1444 2100 1479 Sancti
2129 1445 2310 1489 Augustini

484 1509 577 1551 quod
604 1509 696 1541 nullo
720 1510 871 1550 tempore
897 1509 939 1541 de
964 1510 1087 1548 cetero,
1112 1517 1173 1550 per
1196 1517 1234 1541 se
1259 1501 1529 1541 vel'submissas
1553 1516 1730 1549 personas,
1766 1508 1901 1540 nomine
1926 1508 1978 1541 sui
2003 1506 2154 1548 Ordinis,
2188 1508 2316 1542 directe

490 1571 543 1603 vel
570 1571 742 1610 indirecte,
767 1571 866 1603 tacite
893 1571 945 1603 vel
971 1579 1147 1612 expresse,
1173 1570 1417 1612 quoquomodo
1442 1579 1503 1603 seu
1528 1570 1652 1612 quovis
1669 1570 1842 1612 exquisito
1859 1570 1983 1610 colore,
2001 1570 2148 1612 graciam
2165 1569 2315 1612 aliquam
2341 1614 2344 1616 Ι

488 1633 541 1666 vel
567 1633 781 1676 privilegium
806 1633 956 1675 aliquod,
982 1634 1015 1665 in
1040 1633 1188 1676 generali
1213 1633 1267 1665 vel
1293 1633 1325 1665 in
1350 1633 1503 1674 speciali,
1528 1633 1766 1674 impetrabunt,
1791 1641 1853 1666 nec
1871 1633 1971 1666 etiam
1989 1634 2124 1666 utentur
2139 1633 2182 1666 de
2199 1634 2314 1667 cetero

484 1696 716 1729 concedendis
740 1705 759 1728 a
784 1705 956 1737 quoquam
982 1696 1014 1728 in
1040 1695 1191 1730 Romana
1215 1694 1319 1729 Curia
1354 1695 1408 1728 vel
1444 1695 1536 1735 alibi,
1572 1704 1615 1728 ex
1652 1704 1721 1737 quo
1757 1695 1810 1728 vel
1840 1695 1967 1737 quibus
2002 1695 2113 1737 possit
2135 1695 2204 1728 ullo
2229 1697 2317 1730 tem·

483 1767 566 1800 pore
592 1759 624 1790 in
650 1758 764 1800 aliquo
789 1758 960 1800 derrogari
987 1758 1209 1798 libertatibus,
1246 1757 1444 1800 privilegiis,
1481 1758 1715 1800 dignitatibus,
1751 1758 1863 1797 statui,
1900 1758 2087 1791 honoribus
2118 1760 2152 1791 et
2182 1757 2315 1792 iuribus

483 1820 657 1862 aliquibus
682 1821 762 1853 dicti
788 1821 914 1852 domini
941 1819 1085 1853 Abbatis
1109 1822 1142 1853 et
1167 1820 1317 1853 Fratrum
1342 1828 1481 1853 suorum
1506 1820 1563 1862 qui
1589 1829 1678 1853 nunc
1703 1822 1781 1853 sunt
1805 1822 1838 1853 et
1862 1829 1924 1862 pro
1951 1821 2103 1862 tempore
2135 1822 2243 1861 erunt3
2277 1821 2312 1854 et

484 1883 541 1924 qui
567 1883 801 1915 contrafecerit
837 1891 898 1915 seu
936 1883 968 1915 in
993 1882 1269 1916 contrafaciendo
1305 1882 1436 1915 dederit
1474 1882 1650 1922 auxilium,
1685 1882 1876 1922 consilium,
1912 1890 2103 1922 assensum,
2127 1882 2182 1916 vel
2216 1881 2316 1917 favo·-
2346 1915 2354 1920 ᾗ

484 1954 564 1985 rem,
590 1946 696 1978 eciam
721 1946 749 1978 si
775 1948 867 1978 esset
892 1945 988 1978 Prior
1012 1944 1200 1986 Generalis,
1226 1946 1303 1987 ipso
1327 1945 1397 1978 iure
1423 1946 1455 1978 et
1478 1945 1569 1978 facto
1594 1945 1638 1978 sit
1662 1945 1799 1978 maioris
1823 1945 2151 1978 excomunicationis
2174 1944 2314 1979 vinculo

488 2008 671 2042 innodatus
700 2006 761 2049 (1).

576 2070 654 2104 item
680 2071 708 2103 si
734 2071 935 2113 contingerit
960 2071 1092 2104 Fratres
1128 2071 1270 2113 predicti
1307 2070 1447 2104 Ordinis
1483 2070 1727 2104 Heremitarum
1752 2071 1854 2103 modo
1878 2071 1994 2112 aliquo
2018 2071 2060 2104 de
2086 2071 2157 2103 iure
2185 2069 2240 2104 vel
2267 2069 2313 2104 de

484 2133 574 2166 facto
600 2134 646 2166 uti
673 2134 858 2175 impetratis
884 2133 937 2166 vel
975 2134 1162 2173 concessis,
1199 2134 1394 2167 invadendo
1430 2133 1483 2166 vel
1520 2133 1676 2166 intrando
1699 2133 1743 2166 ad
1772 2133 2019 2175 possidendum
2055 2133 2195 2175 aliquid,
2219 2129 2319 2176 quod'

485 2196 666 2237 pertineret
691 2196 733 2228 ad
759 2196 885 2229 dictum
911 2197 1162 2236 monasterium,
1187 2196 1344 2229 faciendo
1369 2198 1486 2229 contra
1509 2205 1550 2229 ea
1574 2205 1640 2237 que
1666 2196 1824 2238 superius
1841 2197 1920 2229 sunt
1936 2203 2114 2238 expressa,
2131 2196 2208 2238 ipso
2223 2194 2315 2229 facto
2363 2182 2412 2243 “js

2368 2251 2412 2265 '*t¹

486 2260 518 2290 et
543 2258 613 2290 iure
639 2257 734 2290 Prior
758 2257 982 2291 Provincialis
1009 2258 1208 2291 Lombardie
1234 2267 1296 2291 nec
1321 2267 1388 2290 non
1413 2260 1445 2291 et
1470 2257 1605 2290 Priores
1629 2255 1884 2291 Conventuales
1908 2258 2081 2290 civitatum
2099 2256 2215 2299 Papie,
2239 2256 2317 2291 Me-
2387 2271 2413 2302 ῃ

486 2320 625 2359 diolani,
651 2320 776 2359 Laude,
801 2318 995 2359 Cumarum,
1035 2320 1220 2360 Novarum,
1246 2320 1484 2360 Vercellarum,
1509 2319 1726 2360 Alexandrie,
1763 2319 1875 2359 lanue,
1899 2319 1972 2359 Ast,
1998 2319 2156 2352 Terdone
2180 2321 2213 2353 et
2237 2317 2316 2353 Pla-

485 2383 605 2422 centie,
624 2383 690 2415 sint
707 2383 814 2415 eciam
832 2383 969 2415 maioris
994 2383 1331 2416 excomunicacionis
1355 2383 1493 2416 vinculo
1518 2383 1680 2422 innodati,
1698 2385 1730 2415 et
1755 2382 1829 2415 loca
1846 2391 1908 2415 seu
1933 2384 2124 2415 conventus
2148 2382 2314 2415 dictarum
2342 2428 2345 2429 ⁷
2389 2381 2417 2426 ᾗ

486 2446 659 2477 civitatum
685 2446 764 2478 dicti
791 2444 930 2478 Ordinis
956 2445 1199 2478 Heremitarum
1225 2446 1292 2478 sint
1309 2445 1489 2487 supposita
1506 2445 1741 2478 eeclesiastico
1758 2445 1946 2484 interdicto,
1963 2445 2073 2477 taliter
2089 2445 2196 2477 eciam
2220 2443 2315 2486 quod

488 2508 530 2540 ad
558 2508 810 2549 requisitionem
838 2508 890 2540 vel
917 2508 1134 2540 monitionem
1161 2507 1305 2540 Abbatis
1330 2508 1409 2540 dicti
1436 2507 1630 2540 monasterii
1655 2507 1712 2549 qui
1737 2509 1790 2540 est
1814 2507 1867 2540 vel
1893 2516 1955 2548 pro
1979 2509 2130 2548 tempore
2155 2507 2227 2546 erit,
2250 2514 2314 2540 seu

486 2570 529 2602 ad
556 2571 808 2611 requisitionem
835 2571 1080 2611 cuiuscumque
1107 2570 1244 2612 legitimi
1271 2570 1499 2611 procuratoris
1524 2570 1577 2602 vel
1603 2570 1724 2602 sindici
1756 2569 1963 2609 eorumdem,
1999 2570 2175 2602 teneantur
2198 2570 2231 2602 et
2254 2567 2315 2602 de-

489 2633 589 2664 beant
614 2632 885 2674 Archiepiscopi‚
911 2632 1073 2674 Episcopi
1099 2634 1131 2665 et
1156 2641 1271 2665 eorum
1309 2631 1431 2665 Vicarii
1469 2641 1530 2664 nec
1563 2641 1630 2665 non
1655 2634 1688 2664 et
1719 2631 1859 2664 aliarum
1895 2631 2115 2664 ecclesiarum
2152 2629 2314 2665 Rectores

488 2695 652 2727 dictarum
678 2696 862 2734 civitatum,
888 2695 1019 2728 tociens
1044 2695 1209 2736 quociens
1233 2695 1436 2727 contrarium
1461 2694 1586 2727 tactum
1610 2694 1710 2727 fuerit
1734 2703 1795 2735 per
1811 2694 1983 2736 predictos
2008 2693 2140 2726 Fratres
2165 2692 2316 2726 Heremi-
2368 2688 2414 2724 :¹³

545 2852 575 2877 (l)
590 2852 608 2873 A
623 2853 730 2879 spiegare
745 2853 765 2874 la
781 2853 870 2879 gravita
886 2853 908 2874 di
925 2854 1008 2879 questa
1024 2853 1097 2879 prima
1112 2852 1248 2874 condizione
1263 2852 1292 2874 ed
1301 2852 1374 2873 anche

493 2896 551 2917 delle
566 2895 737 2923 seguenti,'cl=e
753 2898 895 2923 potrebbero
909 2903 923 2919 a
938 2899 999 2919 tutta
1015 2898 1089 2924 prima
1100 2898 1220 2924 ingenerar
1230 2896 1373 2923 meraviglia,

493 2940 620 2961 vedendosi
646 2942 758 2967 proposte
773 2941 833 2967 dagli
849 2941 919 2963 stessi
936 2941 1069 2968 Eremitani,
1091 2941 1185 2968 giovera
1207 2941 1318 2962 tinettere
1333 2941 1375 2962 che

494 2985 539 3006 essi
556 2985 669 3006 volevano
685 2985 823 3007 dimostrare
839 2986 859 3007 la
875 2986 1010 3007 rettitudine
1035 2986 1094 3008 delle
1115 2987 1165 3008 loro
1182 2982 1320 3012 intenfioni,
1342 2987 1377 3007 to-

494 3029 587 3055 gliendo
602 3029 624 3050 di
640 3035 721 3050 mezzo
736 3030 788 3056 ogni
805 3030 892 3051 motivo
908 3030 930 3051 di
945 3030 1077 3052 diffidenza.
1100 3031 1219 3052 Venivano
1233 3031 1280 3053 essi
1295 3031 1316 3052 ai
1331 3030 1374 3052 Ca-

494 3074 570 3094 nonici
587 3074 718 3095 Later-anesi
734 3079 778 3095 non
793 3079 859 3095 come
874 3074 1022 3101 usurpatori,
1037 3080 1074 3096 ma
1088 3081 1154 3097 come
1175 3075 1258 3097 fratelli
1279 3075 1374 3097 animati

496 3118 642 3139 unicamente
657 3117 718 3139 dallo
730 3118 780 3139 zelo
796 3118 818 3139 di
834 3123 932 3139 onorare
947 3124 959 3139 e
975 3118 996 3139 di
1012 3119 1099 3140 servire
1114 3119 1129 3140 il
1144 3125 1200 3145 gran
1217 3119 1290 3141 Padre
1305 3118 1378 3141 santo

1429 2852 1552 2879 Agostino.
1568 2852 1601 2874 Ne
1615 2857 1628 2874 a
1644 2851 1703 2879 loro,
1718 2857 1759 2878 per
1773 2851 1925 2878 raggiungere
1935 2851 1949 2872 il
1960 2851 2105 2872 nobilissimo
2119 2856 2202 2878 scopo,
2211 2855 2311 2877 panem
2368 2863 2371 2866 ν
2399 2867 2409 2875 ,,

1427 2897 1521 2923 gravosi
1536 2897 1624 2918 anchei
1636 2896 1796 2923 gravosissimi
1811 2896 1920 2923 impegni,
1930 2901 1944 2918 a
1954 2896 1991 2918 cui
2001 2895 2020 2917 si
2031 2895 2218 2922 sobbarcavano,
2232 2894 2311 2922 quello

1430 2947 1472 2967 per
1486 2947 1519 2962 es.
1540 2947 1585 2962 non
1607 2941 1659 2963 soio
1673 2941 1696 2962 di
1711 2946 1757 2962 non
1778 2940 1884 2962 chiedere
1905 2939 1978 2961 favori
1994 2945 2006 2961 e
2020 2940 2114 2966 grazie,
2135 2945 2173 2961 ma
2193 2939 2267 2961 anche
2286 2938 2310 2961 di

1432 2985 1576 3012 respingerli,
1591 2990 1616 3006 se
1631 2985 1715 3006 offerti.
1733 2985 1836 3006 L'animo
1851 2984 1928 3006 nobile
1943 2984 1965 3005 di
1981 2983 2110 3010 Guglielmo
2125 2983 2154 3005 da
2169 2983 2312 3014 Cremonae
2362 3009 2392 3016 η

1428 3030 1465 3051 de*
1480 3030 1532 3051 suoi
1547 3029 1674 3051 contratelli
1690 3029 1794 3051 credette
1809 3029 1831 3050 dl
1842 3029 1962 3055 prevenire
1973 3028 2084 3055 qualsiasi
2099 3028 2253 3055 opposizlone
2267 3033 2311 3050 con

1429 3075 1451 3096 la
1466 3074 1505 3101 piu
1520 3074 1606 3101 grande
1621 3073 1753 3101 generosita
1768 3079 1781 3095 e
1795 3079 1838 3095 con
1853 3079 1900 3096 uno
1914 3073 1998 3100 spirito
2012 3073 2034 3095 di
2049 3073 2164 3095 sacrificio
2178 3073 2312 3095 veramente
2327 3067 2346 3078 ”
2384 3066 2387 3070 ’

1432 3119 1583 3140 ammirabile.
