2496 3600
1977 245 2042 278 205

222 363 350 398 randos
374 365 407 396 et
431 362 624 405 Religiosos
649 364 740 397 viros
765 364 805 397 D.
831 364 1034 408 Dionysium
1059 367 1102 400 de
1126 366 1326 402 Cermenate
1350 369 1528 410 Abbatem,
1554 373 1586 404 et
1610 370 1823 406 Conventum
1849 378 2042 409 monasterii

218 426 259 461 S.
283 426 373 460 Petri
398 427 431 458 in
457 424 540 460 Celo
575 436 678 459 aureo
714 427 895 469 papiensis
931 428 1070 463 Ordinis
1106 429 1139 464 S.
1165 430 1345 474 Augustini
1382 430 1631 466 Canonicorum
1668 434 1882 478 Regularium
1909 447 1950 470 ex
1978 448 2042 471 una

225 490 330 532 parte,
354 490 387 522 et
410 487 572 528 Priorem,
610 488 742 522 Fratres
778 491 811 522 et
846 488 1060 524 Conventum
1097 493 1309 526 eremitarum
1346 493 1379 528 S.
1406 493 1586 537 Augustini
1612 497 1759 530 civitatis
1795 497 1900 540 Papie
1938 509 2043 540 penes

224 552 348 585 dictam
374 551 562 584 Ecclesiam
588 554 834 586 commorantes
860 556 954 595 parte
978 563 1020 587 ex
1046 555 1160 595 altera,
1197 557 1291 597 prius
1327 566 1440 590 coram
1477 557 1736 592 Venerabilibus
1761 561 1793 592 in
1819 559 1956 594 Christo
1981 561 2045 594 Pa-

221 616 331 650 tribus
355 614 511 648 Dominis
536 613 717 654 Gulielm0,
742 617 774 648 et
798 617 996 649 successive
1021 617 1131 657 Petro,
1156 617 1316 660 Papiensi
1342 622 1374 652 et
1398 619 1601 654 Novariensi
1627 621 1820 664 Episcopis,
1849 621 2041 657 Conserva-

223 678 356 712 toribus
380 679 412 711 et
436 677 610 710 Iudicibus
635 679 831 711 successive
857 688 876 711 a
901 678 989 712 Sede
1014 680 1213 721 Apostolica
1238 683 1420 724 deputatis,
1445 686 1477 716 et
1501 684 1639 716 domino
1664 683 1832 718 Gulielmo
1869 685 2042 728 Episcopo

225 740 386 783 Papiensi
422 740 576 782 predicto
613 740 849 783 subdelegato,
873 742 915 774 de
941 744 972 774 et
998 751 1102 784 super
1127 744 1300 777 nonnullis
1338 745 1559 786 funeralibus,
1595 749 1628 779 et
1664 747 1894 780 oblationibus
1924 751 1955 781 et
1980 758 2044 781 usu

222 805 370 838 clavium
395 805 428 836 et
451 805 547 845 porte
572 804 604 835 et
629 803 734 842 libris,
759 805 1030 846 transgressione
1054 807 1219 838 certorum
1244 807 1410 849 privilegii
1437 810 1469 840 et
1493 810 1667 850 pactorum
1693 811 1724 842 et
1748 810 1954 843 comissione
1987 820 2047 852 pe-

225 876 354 906 narum,
379 875 442 899 nec
467 875 533 898 non
559 874 663 907 super
698 866 797 898 certis
833 867 1058 900 sediminibus
1090 877 1166 900 cum
1191 869 1335 902 edificiis
1359 879 1398 902 ac
1424 871 1571 911 quadam
1597 871 1701 911 scola,
1726 872 1900 912 cimiterio,
1926 873 2044 906 obser-

225 930 339 963 vantia
363 928 530 971 privilegii
556 929 588 960 et
613 930 786 969 pactorum
812 931 844 961 et
868 929 944 961 aliis
970 930 1002 961 in
1028 931 1250 971 processibus
1274 932 1441 971 deductis,
1466 941 1570 974 super
1594 934 1720 975 quibus
1757 936 1845 967 certa
1877 935 2044 968 sententia

173 1015 175 1017 ·
223 991 291 1025 lata
314 991 376 1024 fuit
400 991 485 1024 inter
508 990 618 1023 dictas
655 993 768 1032 partes
805 1000 864 1032 per
899 992 1159 1034 subdelegatum
1197 994 1403 1033 iamdictum,
1439 1004 1506 1036 que
1543 1005 1604 1037 pro
1639 996 1842 1038 apellatione
1866 999 1899 1030 et
1923 997 2047 1030 comis-

222 1054 319 1087 sione
342 1052 532 1096 apostolica
557 1053 751 1094 pendebant
777 1062 890 1086 coram
916 1054 1015 1086 nobis
1040 1056 1212 1096 tamquam
1245 1065 1357 1089 coram
1394 1058 1530 1097 arbitr0‚
1563 1058 1770 1098 arbitratore‚
1807 1061 1839 1092 et
1874 1059 2042 1092 amicabili

220 1116 451 1158 compositore
475 1124 494 1148 a
518 1115 618 1148 dictis
644 1115 798 1156 partibus
823 1117 1044 1149 communiter
1067 1119 1099 1149 et
1123 1118 1337 1151 concorditer
1361 1119 1491 1159 ellecto,
1516 1123 1616 1161 prout
1633 1121 1665 1152 in
1682 1120 1789 1153 forma
1803 1121 2040 1163 compromissi

221 1178 301 1212 inde
326 1170 470 1211 confecti
495 1178 664 1219 nobisque
682 1179 864 1219 presentati
890 1179 944 1211 die
970 1179 1058 1211 iovis
1083 1180 1201 1221 quinto
1226 1181 1353 1214 mensis
1378 1181 1535 1214 februarii
1562 1183 1639 1214 anni
1655 1181 1789 1215 Domini
1808 1183 2041 1216 mccclxxxxv

225 1240 330 1276 Rome
355 1241 388 1273 in
412 1240 572 1273 domibus
598 1242 711 1273 nostre
747 1241 948 1274 ressidentie
974 1251 1080 1283 prope
1105 1244 1259 1275 sanctum
1277 1242 1427 1283 Petrum,
1454 1253 1514 1285 per
1537 1245 1820 1286 circumspectum
1846 1246 1878 1278 et
1903 1254 2043 1278 venera—

223 1304 326 1337 bilem
351 1304 459 1336 virum
485 1303 683 1345 magistrum
709 1302 891 1336 Iohannem
916 1304 958 1336 de
983 1302 1144 1337 Seruanis
1169 1305 1201 1337 in
1227 1304 1376 1339 Romana
1401 1304 1504 1339 Curia
1539 1307 1707 1339 dictorum
1736 1306 1874 1347 Prioris,
1893 1307 2043 1340 Fratrum

222 1368 255 1399 et
279 1364 479 1399 Conventus
505 1365 726 1398 Eremitarum
751 1366 858 1398 sancti
885 1365 1065 1408 Augustini
1092 1367 1230 1408 predicti
1257 1370 1507 1409 procuratorem
1533 1371 1565 1401 et
1590 1370 1786 1411 magistrum
1812 1368 1975 1403 Rochium
2000 1370 2042 1401 de

223 1428 405 1461 Tolentino
430 1436 524 1461 sacre
549 1428 672 1470 pagine
698 1428 927 1469 professorem
953 1438 992 1461 ac
1017 1429 1096 1462 dicti
1134 1428 1273 1462 Ordinis
1308 1430 1445 1463 fratrum
1482 1431 1692 1463 eremitarum
1729 1432 1836 1464 sancti
1863 1430 2043 1473 Augustini

223 1492 477 1533 procuratorem
503 1491 535 1522 in
561 1489 712 1524 Romana
738 1489 840 1523 Curia
865 1491 1053 1533 generalem
1071 1489 1122 1532 (l)
1148 1501 1190 1524 ex
1216 1494 1310 1533 parte
1337 1501 1412 1530 una,
1438 1494 1470 1525 et
1495 1493 1691 1535 magistrum
1728 1493 1886 1526 lacobum
1912 1494 1954 1525 de
1980 1492 2044 1526 Su-

225 1553 351 1596 binago
375 1553 408 1585 in
434 1552 585 1587 Romana
610 1551 714 1586 Curia
737 1554 769 1586 et
794 1553 959 1603 dictorum
996 1552 1150 1593 Abbatis,
1188 1552 1438 1587 Canonicorum
1464 1556 1497 1587 et
1521 1553 1722 1588 Conventus
1758 1555 1865 1588 sancti
1896 1554 1984 1588 Petri
2010 1555 2043 1587 in

224 1615 298 1648 celo
322 1624 426 1648 aureo
450 1615 627 1657 papiensis
653 1617 904 1657 procuratorem
931 1617 1024 1657 parte
1050 1625 1092 1648 ex
1117 1616 1232 1655 altera,
1269 1617 1367 1649 cuius
1395 1618 1492 1649 tenor
1515 1617 1557 1649 de
1583 1617 1687 1649 verbo
1720 1618 1762 1650 ad
1787 1617 1927 1650 verbum
1954 1618 2044 1650 tran-

225 1678 374 1720 scriptus
399 1679 452 1711 est
475 1677 571 1711 talis:

312 1737 441 1782 (Segne
465 1740 487 1773 l'
499 1742 568 1773 atto
593 1741 629 1773 di
651 1740 798 1773 elezione
822 1739 1060 1782 dell'arbttro).

312 1801 438 1836 Christi
464 1803 599 1836 nomine
623 1804 781 1836 invocato
807 1813 868 1845 pro
892 1803 1050 1836 tribunali
1069 1804 1238 1843 sedentes,
1263 1806 1294 1836 et
1309 1804 1473 1836 habentes
1487 1813 1545 1845 pre
1559 1804 1668 1836 oculis
1681 1804 1791 1836 solum
1806 1802 1926 1842 Deum,
1941 1813 1960 1836 a
1974 1813 2044 1844 quo

225 1867 315 1899 recta
339 1867 372 1899 et
396 1875 484 1908 equa
509 1866 634 1899 iudicia
649 1868 770 1899 cuncta
784 1866 982 1908 procedunt,
1009 1875 1067 1907 per
1092 1866 1177 1898 hanc
1193 1868 1341 1899 nostram
1355 1866 1568 1906 diffinitivam
1595 1866 1805 1904 sententiam,
1831 1866 1968 1898 laudum
1983 1874 2043 1898 seu

225 1928 512 1967 arbstramentum,
537 1937 639 1970 quarn
655 1937 715 1961 seu
731 1929 822 1970 quod
838 1928 977 1961 ferimus
1002 1929 1034 1960 in
1061 1929 1112 1961 his
1127 1929 1390 1969 scriptis‚quoad
1405 1929 1545 1969 primam
1560 1930 1687 1969 partem
1703 1928 1868 1960 sententie
1883 1927 1947 1960 late
1962 1928 2046 1960 inter

221 1991 332 2024 dictas
357 1993 471 2032 partes
485 1999 545 2032 per
558 1990 598 2023 D.
613 1989 817 2024 Guilelmum
833 1990 1040 2032 Episcopum
1055 1990 1259 2032 Papiensem
1277 1990 1547 2032 subdelegatum‚
1566 1990 1597 2021 in
1623 1999 1690 2031 qua
1715 1991 1747 2022 et
1772 1998 1830 2031 per
1843 1998 1944 2031 quam
1959 1999 2041 2022 con-

223 2053 397 2086 demnavit
421 2053 569 2086 Priorem
595 2055 627 2086 et
651 2053 782 2086 Fratres
809 2053 1028 2086 Eremitarum
1054 2052 1086 2086 S.
1113 2052 1293 2095 Augustini
1320 2054 1351 2085 et
1375 2062 1491 2085 eorum
1528 2053 1696 2085 sindicum
1722 2054 1754 2085 et
1779 2054 2043 2093 procuratorem,

223 2116 417 2158 syndicario
442 2117 475 2149 et
498 2117 731 2158 procuratorio
756 2116 890 2148 nomine
915 2116 1081 2148 dictorum
1118 2114 1244 2148 Prioris
1269 2117 1300 2147 et
1325 2115 1475 2147 Fratrum
1501 2115 1542 2147 ad
1569 2115 1813 2147 restituendum
1838 2115 1870 2147 et
1895 2114 2044 2146 dandum

220 2179 322 2212 dictis
347 2177 388 2211 D.
414 2178 550 2218 Abbati,
576 2177 761 2212 Canonicis
786 2180 818 2211 et
842 2176 1034 2211 Conventui
1061 2163 1255 2211 monasterii
1281 2176 1316 2210 S.
1343 2176 1443 2215 Petri,
1469 2185 1528 2210 seu
1554 2186 1669 2209 eorum
1695 2176 1839 2218 syndico
1864 2178 1896 2209 et
1920 2185 2043 2217 procu-

223 2242 335 2281 ratori,
359 2241 552 2284 syndicario
577 2243 609 2274 et
634 2241 865 2283 procuratorio
891 2241 1036 2279 nomine,
1062 2242 1172 2273 certas
1198 2240 1417 2281 pecuniarum
1435 2248 1587 2272 summas
1605 2241 1637 2272 et
1655 2248 1763 2271 rerum
1781 2238 1921 2271 aliarum
1935 2247 2043 2279 quan-

221 2305 344 2344 titates,
369 2305 397 2337 si
423 2304 595 2343 extabant,
621 2304 770 2345 alioquin
796 2313 910 2336 eorum
936 2303 1084 2336 valorem
1111 2312 1171 2344 pro
1195 2302 1404 2335 funeralibus
1429 2304 1460 2334 et
1484 2302 1641 2343 exequiis
1666 2303 1831 2334 certorum
1864 2309 2043 2342 corporum

220 2367 458 2400 defunctorum
483 2369 515 2400 et
539 2367 748 2408 sepultorum
785 2366 876 2408 apud
914 2366 1037 2398 dictam
1075 2365 1262 2398 Ecclesiam
1288 2363 1321 2398 S.
1347 2364 1446 2404 Petri,
1472 2366 1504 2397 et
1528 2364 1759 2396 oblationibus
1790 2363 1889 2396 factis
1913 2363 1956 2395 ad
1982 2362 2045 2395 Ec-

222 2430 359 2463 clesiam
385 2429 596 2471 prelibatam,
621 2431 687 2462 tam
713 2438 775 2470 pro
792 2430 885 2470 parte
914 2437 980 2470 que
1009 2428 1226 2470 contingebat
1243 2427 1354 2460 dictos
1372 2426 1550 2466 Abbatem,
1568 2424 1763 2459 Canonicos
1781 2428 1813 2458 et
1830 2423 2043 2458 Conventum

221 2490 255 2525 S.
281 2491 370 2525 Petri
395 2492 549 2534 predicti,
575 2501 677 2533 quarn
702 2492 801 2524 etiam
828 2491 955 2523 ratione
980 2492 1013 2523 et
1038 2490 1172 2522 nomine
1209 2498 1306 2531 pene,
1332 2497 1433 2530 quam
1458 2488 1571 2521 dietus
1596 2487 1691 2520 Prior
1715 2489 1746 2520 et
1771 2487 1902 2520 Fratres
1932 2488 2044 2519 incur-

222 2555 308 2588 risse
332 2555 489 2588 dicuntur
513 2554 630 2596 vigore
655 2554 917 2586 conventionum
943 2554 974 2585 et
999 2554 1173 2594 pactorum
1193 2552 1278 2584 inter
1302 2551 1411 2583 dictas
1436 2553 1550 2592 partes
1577 2550 1744 2589 initorum,
1770 2558 1811 2582 eo
1835 2549 1927 2590 quod
1953 2549 2043 2581 dicta

206 2616 383 2650 'funeraiia
407 2618 440 2650 et
464 2616 655 2649 oblationes
681 2616 712 2648 in
738 2617 844 2648 totum
881 2616 1079 2656 receperunt
1103 2616 1136 2647 et
1161 2615 1421 2655 usurpaverunt,
1457 2614 1573 2645 contra
1610 2612 1817 2644 voluntatem
1843 2613 1874 2643 et
1899 2612 1931 2643 in
1968 2619 2044 2652 pre*-

206 2679 382 2712 'iudicium
419 2680 585 2712 dictorum
611 2678 766 2717 Abbatis,
791 2676 1040 2711 Canonicorum
1065 2678 1097 2709 et
1122 2674 1331 2709 Conventus:
1368 2674 1586 2714 Ordinamus,
1623 2674 1812 2713 laudamus,
1845 2673 2041 2712 diffinimus,

218 2733 421 2766 arbitramur
445 2735 546 2775 atque
571 2733 789 2774 precipimus,
814 2731 907 2773 quod
932 2731 1012 2763 dicti
1038 2729 1133 2762 Prior
1157 2732 1189 2762 et
1215 2729 1345 2762 Fratres
1370 2729 1581 2761 eremitarum
1607 2726 1639 2761 S.
1666 2727 1857 2769 Augustini,
1876 2728 1908 2759 et
1926 2735 2040 2758 eorum

221 2803 452 2835 successores,
477 2796 534 2837 qui
561 2804 622 2836 pro
646 2796 798 2836 tempore
834 2793 967 2832 fuerint,
1003 2794 1179 2825 teneantur
1203 2794 1235 2824 et
1259 2791 1406 2824 debeant
1441 2791 1522 2823 dare
1546 2792 1578 2823 et
1603 2789 1809 2831 integraliter
1844 2788 2040 2830 persolvere

205 2857 319 2891 dictis
343 2856 418 2890 DD.
443 2856 611 2899 Dionysio
647 2855 782 2895 Abbati,
819 2853 1004 2889 Canonicis
1028 2857 1060 2887 et
1085 2852 1276 2887 Conventui
1303 2851 1335 2886 S.
1362 2852 1449 2885 Petri
1475 2854 1507 2885 et
1531 2861 1646 2885 eorum
1683 2851 1943 2884 successoribus
1979 2859 2039 2883 seu

273 3000 305 3026 (1)
319 2999 409 3026 Quem
423 3000 436 3022 e
451 3005 496 3022 una
511 2999 598 3022 notizia
613 2999 730 3026 preziosa,
754 2997 848 3025 giacclie
870 2998 885 3019 ll
907 3002 975 3019 nome
997 2996 1019 3018 di
1041 2996 1100 3018 nate
1155 2996 1176 3017 le
1191 2996 1278 3017 incerte
1296 2994 1392 3017 vicende
1407 2994 1467 3016 della
1483 2999 1582 3021 procura
1597 2993 1705 3021 generale
1719 2993 1773 3015 dell'
1784 2992 1870 3015 Ordine
1885 2993 1921 3014 nel
1937 2991 2033 3019 periodo

221 3043 297 3067 nocco
311 3044 341 3066 da
356 3044 488 3071 Tolentino,
503 3049 570 3066 come
584 3043 694 3066 abbiamo
708 3044 790 3065 notato
805 3043 826 3064 al
841 3042 893 3064 doc.
909 3041 985 3064 news
1006 3047 1100 3063 novem·
1154 3040 1175 3061 ln
1191 3039 1226 3062 cui
1242 3039 1317 3066 figura
1332 3038 1461 3061 solamente
1476 3038 1491 3060 il
1507 3038 1661 3060 Procuratore
1676 3037 1788 3060 Generaie
1802 3036 1874 3059 fratre
1896 3037 1982 3059 Boezio
1995 3035 2033 3063 {da

221 3089 262 3111 bre
279 3089 330 3111 1392
343 3095 365 3111 n.
381 3089 407 3116 C,
423 3095 468 3111 non
483 3094 571 3116 appare
582 3089 640 3110 nella
649 3088 708 3110 serie
717 3088 753 3110 dei
763 3087 911 3110 Procuratorl
923 3086 1029 3108 Generall
1041 3086 1101 3113 Ago·
1155 3084 1287 3106 Tolentlno.

207 3133 322 3155 ..nlnlani¹
337 3132 361 3156 Sl
376 3133 451 3155 colmn
466 3132 514 3155 cosi
526 3138 571 3155 una
581 3133 672 3159 lacuna,
683 3138 695 3154 e
706 3132 724 3154 si
736 3131 910 3158 comprendono
927 3136 957 3152 un
969 3130 999 3157 ρὸ
1018 3130 1101 3157 meglio
