2496 3600
1960 256 2004 289 63

964 463 1188 504 XXVII.

276 574 471 605 Benedetto
494 574 560 603 XII
583 573 736 604 concede
761 573 832 611 agli
856 572 1052 602 Eremitani
1087 572 1122 602 la
1153 572 1285 602 facolta
1309 572 1343 604 di
1368 571 1548 601 celebrare
1573 571 1835 601 solennemente
1861 571 1894 603 la
1918 571 2012 601 festa

104 604 133 617 ἰ
189 628 226 660 di
248 629 286 659 S·-
310 627 496 665 Agostino,
522 628 632 657 anche
657 626 796 665 quando
819 627 855 656 la
879 626 966 656 eitta
990 626 1088 659 fosse
1113 630 1208 655 stata
1232 625 1422 655 interdetta
1438 622 1500 666 (l).

868 739 1025 772 1383,
1044 738 1246 771 aprile,
1275 738 1328 764 '70

708 826 777 854 (Bibl.
793 827 871 855 Univ.,
886 826 957 849 Pavia
973 837 998 842 —
1013 826 1073 850 eod.
1089 833 1112 849 n.
1127 826 1177 854 ⁴28,
1194 826 1264 854 Perg.
1281 826 1304 848 di
1319 825 1343 849 S.
1359 826 1493 853 Agosnno).

1407 890 1419 904 0

275 1011 376 1130 B
439 1028 652 1058 ENEDICTUS
675 1024 870 1066 Episcopus
906 1032 1027 1056 servus
1063 1032 1238 1056 servorum
1274 1022 1349 1063 Dei,
1385 1023 1519 1067 dilectis
1554 1022 1633 1056 filiis
1657 1022 1764 1055 Priori
1801 1021 1959 1056 Generali
1985 1023 2018 1055 et

462 1087 635 1120 Fratribus
660 1086 799 1121 Ordinis
825 1086 1070 1119 Heremitarum
1095 1085 1209 1119 Sancti
1235 1086 1415 1129 Augustini
1442 1086 1585 1119 salutern
1610 1088 1642 1119 et
1666 1086 1890 1128 apostolicam
1915 1086 2020 1119 bene-

463 1150 656 1183 dictionem.

287 1211 388 1246 Clara
412 1211 552 1245 Ordinis
576 1211 687 1244 Vestri
711 1211 840 1254 religio,
865 1211 1025 1244 virtutum
1049 1211 1256 1244 fecunditate
1282 1211 1412 1251 referta,
1438 1211 1561 1244 uberes
1586 1211 1619 1243 in
1643 1210 1707 1244 Dei
1732 1210 1879 1244 ecclesia
1915 1211 2024 1248 hone-,

195 1275 294 1308 statis
318 1276 350 1308 et
374 1274 494 1308 salutis
518 1274 659 1313 fructus,
683 1283 745 1316 per
769 1274 934 1306 bonorum
970 1282 1111 1315 operum
1148 1274 1271 1313 studia,
1308 1283 1444 1315 semper
1478 1273 1617 1315 protulit
1641 1275 1673 1306 et
1698 1273 1846 1315 proferre
1879 1273 2019 1306 assidue

193 1337 443 1379 comprobatur.
469 1336 611 1378 Propter
635 1335 727 1378 quod
753 1344 816 1368 nos
841 1335 986 1368 eundem
1012 1334 1174 1368 Ordinem
1192 1337 1225 1368 et
1241 1344 1408 1377 personas
1425 1345 1464 1369 ac
1482 1335 1558 1368 loca
1575 1335 1695 1377 ipsius,
1713 1335 1943 1368 benivolentia
1960 1344 2021 1376 pa—

203 1401 298 1433 terna
321 1399 571 1441 prosequimur,
597 1398 630 1430 in
655 1398 722 1431 hiis
746 1398 912 1439 precipue
938 1406 1006 1439 que
1031 1398 1075 1430 ad
1100 1397 1206 1430 divini
1243 1398 1355 1430 cultus
1391 1397 1526 1430 laudern
1563 1397 1701 1430 tendere
1726 1397 1960 1436 dinoscuntur,
1984 1398 2017 1429 et

193 1464 255 1504 per
278 1470 344 1504 que
369 1460 488 1494 fideles
514 1460 643 1502 populi,
668 1469 728 1502 pre
753 1460 869 1502 inopia
894 1459 1062 1501 spirituali
1088 1460 1295 1493 recreatione
1321 1461 1504 1502 comperta,
1530 1459 1682 1492 exultent
1707 1459 1739 1491 in
1765 1458 1828 1492 Dei
1861 1458 2022 1492 laudibus

194 1526 228 1558 et
251 1523 404 1557 letentur.
429 1521 516 1557 Cum
541 1523 665 1564 itaque,
690 1523 780 1556 sicut
803 1523 924 1564 petitio
949 1523 1064 1555 vestra
1099 1523 1200 1555 nobis
1237 1532 1345 1564 nuper
1380 1522 1533 1555 exhibita
1565 1522 1770 1561 continebat,
1807 1530 1870 1554 vos
1904 1521 2018 1554 locum

195 1588 230 1620 et
253 1585 434 1619 ecclesiam
459 1585 567 1619 sancti
592 1584 682 1618 Petri
709 1585 741 1617 in
767 1583 851 1618 Celo
888 1594 992 1618 aureo
1028 1585 1215 1627 papiensis,
1241 1584 1298 1617 ub'i
1328 1577 1454 1626 corpus
1490 1584 1629 1627 gloriosi
1666 1583 1875 1617 confessoris
1907 1582 2022 1616 Sancti

197 1648 378 1691 Augustini
403 1647 641 1681 venerabiliter
665 1647 848 1689 requiescit
871 1649 904 1680 et
929 1647 961 1679 in
987 1656 1055 1689 qua
1080 1647 1231 1680 nonnulli
1258 1647 1391 1680 Fratres
1416 1646 1556 1680 Ordinis
1592 1647 1695 1679 vestri
1736 1655 1834 1679 suum
1860 1646 2024 1678 exhibent

198 1709 346 1744 Domino
369 1710 578 1750 famulatum,
602 1710 800 1743 auctoritate
824 1709 1014 1751 apostolica
1031 1719 1139 1751 nuper
1153 1710 1284 1742 fueritis
1301 1710 1462 1749 assecuti,
1479 1709 1552 1742 Nos
1569 1709 1724 1742 volentes
1741 1708 1886 1741 eundem
1900 1708 2023 1748 locum,

199 1773 309 1816 ipsius
333 1772 447 1807 Sancti
472 1773 517 1805 ob
541 1772 763 1805 reverentiam
787 1773 820 1805 et
844 1772 887 1805 ad
912 1772 1018 1804 divini
1043 1771 1155 1804 cultus
1179 1773 1396 1814 augmentum
1421 1773 1454 1804 et
1479 1773 1514 1804 ut
1538 1771 1635 1804 locus
1660 1772 1734 1813 ipse
1759 1773 1930 1812 tamquam
1964 1779 2024 1802 no-

199 1821 289 1868 uella
313 1834 476 1878 plantatio
500 1834 542 1868 de
568 1835 659 1867 bono
683 1834 717 1866 in
742 1833 864 1867 melius
888 1833 1060 1867 coalescat
1084 1835 1116 1866 et
1141 1843 1182 1867 eo
1206 1833 1327 1867 fortius
1351 1834 1433 1866 inibi
1458 1833 1577 1875 populi
1602 1834 1740 1866 devotio
1767 1834 1931 1875 augeatur
1955 1841 2023 1874 quo

199 1892 308 1940 magis
331 1881 398 1939 ipsi
423 1898 456 1930 et
480 1905 544 1929 vos
569 1898 601 1929 et
626 1897 722 1938 ipsos
747 1895 922 1938 spirituale
947 1896 1110 1937 pabulum
1135 1896 1355 1937 speraveritis
1379 1896 1536 1937 adipisci,
1554 1896 1716 1937 prosequi
1734 1895 1966 1928 favorabiliter
1991 1895 2024 1927 in

200 1959 263 1993 hac
288 1961 392 2001 parte,
417 1959 540 1992 vestris
565 1958 875 2001 supplicationibus
900 1958 1060 1998 inclinati,
1086 1960 1122 1991 ut
1145 1959 1174 1991 si
1198 1958 1313 1991 forsan
1332 1959 1502 1991 civitatem
1532 1967 1593 1991 seu
1626 1958 1790 1991 diocesim
1824 1958 2024 1999 papiensem

200 2021 348 2064 supponi
373 2021 552 2064 contigerit
576 2020 812 2054 ecclesiastico
837 2020 1027 2061 interdicto,
1052 2021 1095 2053 ad
1121 2021 1396 2054 observationem
1423 2021 1534 2062 ipsius
1559 2020 1737 2060 interdicti,
1763 2020 1796 2052 in
1820 2020 1908 2053 festo
1933 2020 2026 2061 prIn-

199 2083 302 2126 cipali
326 2083 480 2117 eiusdem
505 2082 620 2117 Sancti
646 2082 826 2126 Augustini
852 2083 1028 2123 duntaxat,
1054 2083 1189 2116 minime
1214 2083 1407 2122 teneamini,
1433 2092 1544 2124 neque
1569 2083 1612 2115 ad
1638 2083 1671 2115 id
1696 2091 1716 2115 a
1740 2091 1913 2124 quoquam
1931 2091 2024 2115 com-

201 2146 280 2188 pelli
305 2146 447 2188 possitis
471 2146 578 2185 inviti,
603 2146 754 2187 quinimo
779 2146 812 2178 in
838 2146 929 2178 dicto
953 2145 1041 2178 festo
1066 2145 1255 2187 principali,
1273 2146 1432 2178 omnibus
1457 2145 1500 2178 ad
1525 2145 1712 2187 predictam
1730 2144 1910 2177 ecclesiam
1928 2153 2026 2177 acce-

200 2209 371 2248 dentibus,
396 2209 506 2242 ianuis
530 2208 667 2250 apertis,
693 2217 778 2241 voce
804 2217 928 2241 sonora
945 2217 984 2241 ac
1002 2207 1147 2249 pulsatis
1165 2208 1352 2249 campanis,
1370 2207 1641 2240 excomunicatis
1658 2208 1770 2240 tamen
1788 2209 1820 2239 et
1838 2207 2025 2239 interdictis

201 2270 365 2310 exclusis,
391 2270 491 2304 liceat
515 2270 616 2303 vobis
641 2279 680 2303 ac
705 2272 856 2303 vestrum
881 2270 1028 2312 posteris
1054 2270 1086 2302 in
1112 2270 1202 2302 dicta
1227 2269 1374 2303 ecclesia
1398 2270 1580 2309 annuatim,
1600 2269 1742 2302 durante
1761 2269 1939 2302 interdicto
1965 2269 2027 2300 hu-

203 2333 361 2372 iusmodi,
386 2332 558 2366 celebrare
583 2334 616 2365 et
639 2332 751 2365 facere
776 2332 939 2365 celebrari
964 2341 1004 2365 ac
1029 2332 1146 2365 audire
1170 2332 1297 2371 divina,
1322 2332 1508 2364 dummodo
1533 2340 1596 2364 vos
1621 2331 1675 2364 vel
1701 2331 1747 2363 illi
1773 2331 1829 2372 qui
1849 2332 2026 2372 presentes

201 2394 334 2435 fuerint,
359 2403 497 2428 causam
522 2403 589 2427 non
614 2394 776 2427 dederitis
790 2394 985 2427 huiusmodi
1004 2394 1192 2433 interdicto,
1210 2403 1271 2427 nec
1290 2394 1335 2426 ob
1349 2394 1382 2426 id
1400 2394 1500 2427 vobis
1518 2395 1550 2426 et
1567 2393 1697 2426 eisdem
1715 2394 1862 2435 posteris
1880 2402 1940 2425 seu
1959 2392 2026 2425 illis

201 2457 378 2500 contigerit
414 2457 608 2499 specialiter
643 2457 808 2496 interdici,
845 2457 957 2496 vobis,
993 2457 1192 2489 auctoritate
1228 2456 1429 2498 apostolica,
1454 2456 1497 2489 de
1523 2455 1685 2498 specialis
1722 2455 1813 2488 dono
1845 2455 1950 2497 gratie
1976 2455 2028 2487 in-

206 2519 398 2562 dulgemus.

292 2580 383 2613 Nulli
409 2589 490 2623 ergo
514 2581 653 2613 omnino
677 2580 851 2613 hominum
876 2580 975 2613 liceat
999 2580 1086 2613 hanc
1111 2580 1270 2622 paginam
1296 2581 1410 2612 nostre
1439 2579 1675 2612 concessionis
1700 2578 1891 2620 infringere,
1917 2577 1970 2611 vel
1995 2578 2026 2611 ei

205 2651 290 2676 ausu
314 2643 492 2676 temerario
517 2643 694 2676 contraire.
719 2641 754 2676 Si
779 2643 858 2684 quis
882 2644 994 2675 autem
1019 2642 1084 2675 hoc
1109 2643 1308 2684 attemptare
1333 2641 1591 2683 presumpserit,
1628 2640 1894 2682 indignationem
1920 2640 2028 2673 omni-

203 2705 352 2746 potentis
375 2703 439 2737 Dei
464 2706 497 2737 et
521 2705 696 2737 beatorum
721 2703 818 2737 Petri*
836 2705 869 2736 et
893 2703 989 2737 Pauli
1015 2703 1248 2745 apostolorum
1273 2703 1348 2736 eius
1373 2712 1410 2736 se
1435 2703 1567 2735 noverit
1592 2702 1815 2734 incursurum.
1833 2701 1909 2734 Dat.
1936 2700 2028 2735 Ave-

204 2766 315 2806 nione,
340 2765 396 2799 V11
422 2765 501 2800 ldus
527 2765 664 2808 Aprilis,
690 2765 912 2799 Pontificatus
937 2766 1042 2799 nostri
1067 2774 1156 2798 anno
1181 2766 1301 2807 primo.

262 2923 293 2951 (1)
307 2924 397 2951 Questo
411 2924 560 2952 documento,
574 2925 641 2947 tanto
655 2924 768 2947 onorifice
789 2929 831 2951 per
844 2923 867 2946 la
881 2923 1005 2946 comunita
1026 2923 1086 2950 degli
1142 2922 1213 2944 Corte
1227 2921 1250 2943 di
1265 2921 1386 2948 Avignone
1399 2926 1413 2942 a
1434 2919 1568 2947 supplicare
1589 2925 1631 2947 per
1653 2920 1819 2942 l'assoluzione
1840 2920 1901 2942 dalla
1922 2925 2022 2943 censura

210 2968 334 2991 Eremitani
348 2969 416 2991 trovn
429 2968 452 2990 la
466 2974 509 2991 sua
523 2968 618 2996 ragione
632 2968 668 2990 nel
682 2968 751 2996 tatto,
765 2968 808 2990 che
822 2967 894 2990 Pavia
904 2973 943 2990 era
953 2968 1015 2989 stata
1030 2967 1090 2994 ripe-
1142 2966 1263 2988 tulmlnata
1278 2966 1337 2987 sulla
1352 2964 1409 2987 citra
1423 2964 1455 2986 fln
1469 2964 1507 2986 dal
1523 2964 1583 2988 1321.
1597 2963 1632 2991 (R.
1647 2964 1786 2992 MAioccfll,
1801 2964 1987 2987 L'Assotuzrone
2000 2965 2027 2987 dl

209 3013 340 3035 tutamente
354 3012 440 3040 colpita
455 3012 485 3035 da
499 3011 634 3039 interdetto,
649 3012 699 3034 eloe
713 3012 750 3034 nel
766 3012 824 3038 1311,
840 3012 876 3034 nel
893 3011 951 3038 1316,
970 3011 1007 3033 nel
1030 3011 1089 3037 1321,
1144 3010 1218 3032 Ρανὶα
1233 3009 1383 3032 dawinrerd.
1398 3009 1424 3031 dt
1440 3008 1493 3031 Gla.
1508 3008 1581 3035 ΧΧΙΙ,
1598 3014 1652 3036 pag.
1669 3009 1694 3031 10
1708 3009 1864 3032 dell'estratto
1885 3009 1940 3031 dall'
1954 3009 2025 3033 Arcu.

210 3055 248 3078 nel
262 3056 321 3079 1321,
337 3056 355 3079 Ε
369 3057 457 3079 mentre
471 3056 486 3078 il
501 3055 620 3079 Pontetice
638 3061 751 3078 emanava
772 3057 857 3083 questa
878 3055 943 3078 Bona
965 3055 987 3077 in
1008 3054 1088 3077 favore
1143 3054 1225 3077 storIc.
1241 3053 1321 3078 Lomb.
1335 3053 1372 3075 del
1389 3053 1457 3080 1891).

212 3099 272 3128 degli
294 3099 448 3128 Matinium,
462 3100 470 3122 l
485 3099 633 3123 Procuratori
647 3099 685 3122 del
702 3099 807 3123 Comune
821 3099 844 3122 dl
860 3099 930 3122 Pavia
954 3104 1025 3121 erano
1045 3098 1091 3120 alla
