2488 3580
491 247 560 276 XLII

494 377 663 412 Galeazzo
689 377 713 411 ll
739 377 890 411 visconti
928 377 1138 411 contermare
1162 376 1192 410 le
1217 376 1335 409 offerte
1359 375 1414 409 del
1440 373 1596 410 Comune
1619 385 1640 411 a
1664 375 1699 411 S.
1724 376 1892 420 Agostino
1915 386 1934 411 e
1959 377 2149 412 concedere
2172 377 2204 412 ai
2229 376 2321 413 Reli-

491 449 580 491 giosi
605 448 821 482 facilitazioni
860 448 914 490 pel
952 447 1235 490 conseguimento
1270 447 1324 480 dei
1350 446 1423 480 loro
1447 447 1551 481 dtritti
1575 445 1668 489 (doc.
1694 457 1726 482 n.
1751 446 1847 489 LVI).
1873 447 1991 482 Anche
2016 448 2048 482 la
2072 457 2136 483 sua
2159 450 2319 483 consorte

491 519 617 553 Bianca
641 520 675 552 di
701 518 827 553 Savoia
852 519 881 552 si
907 519 1040 552 ricorda
1075 518 1130 551 del
1168 519 1285 551 nostro
1321 515 1512 559 convento,
1549 518 1756 553 destinando
1780 519 1833 553 nel
1865 528 1931 553 suo
1965 521 2170 554 testamento
2194 529 2239 553 un
2263 528 2324 554 co·

491 592 613 633 spicuo
638 591 759 624 lascito
784 599 844 632 per
867 599 948 623 esso
979 587 1070 631 (doc.
1097 599 1127 622 n.
1154 586 1341 630 LXXXV);
1366 597 1385 622 e
1409 587 1498 623 Gian
1534 587 1704 623 Galeazzo
1740 589 1893 624 visconti
1931 590 2095 623 imitando
2119 590 2141 623 il
2166 588 2322 624 Comune

491 671 620 704 pavese
646 663 805 704 presenta
830 661 860 694 al
887 659 1067 694 Convento
1091 660 1331 693 annualmente
1357 659 1412 693 un’
1426 660 1545 694 offerta
1570 660 1658 694 nella
1681 660 1770 694 festa
1793 661 1827 694 di
1853 659 2081 704 S.Agostino,
2098 661 2140 695 ed
2166 661 2221 695 un'
2234 660 2319 696 altra

492 734 580 766 nella
606 733 693 766 festa
718 733 752 765 di
778 731 811 766 S.
838 731 1021 766 Gerolamo
1045 729 1136 773 (doc.
1163 741 1194 764 n.
1220 729 1413 773 LXXXIX),
1450 731 1535 765 oltre
1560 732 1603 765 ad
1628 731 1712 765 altre
1736 732 1944 775 elargizioni‚
1976 733 2040 766 che
2064 733 2094 766 si
2119 733 2256 767 vedono
2281 732 2325 766 ri-

493 805 630 838 cordate
657 805 709 837 nei
735 804 927 836 documenti
954 801 1028 836 XCI
1054 811 1071 835 e
1097 801 1213 836 XCIX.

581 875 711 915 Questa
736 875 968 908 benevolenza
993 883 1011 907 e
1036 876 1158 916 questa
1183 873 1412 916 predilezione
1437 874 1492 907 dei
1517 875 1637 917 grandi
1656 883 1716 917 per
1733 873 1767 908 S.
1785 874 1899 909 Pietro
1923 875 1957 909 in
1982 874 2056 910 Ciel
2081 875 2115 909 d'
2128 885 2190 910 oro
2206 877 2236 910 si
2254 885 2326 910 ma-

493 948 615 981 nifesta
641 948 748 981 anche
774 947 862 980 nella
888 947 1003 986 scelta,
1029 947 1090 979 che
1116 946 1283 979 facevano
1308 946 1341 978 in
1366 954 1445 979 essa
1469 945 1559 979 della
1584 946 1656 979 loro
1673 947 1857 988 sepoltura.
1883 945 2046 981 S.Pietro
2071 948 2104 980 in
2129 945 2202 982 ciel
2220 947 2323 982 d’oro

494 1021 525 1052 in
553 1020 655 1052 breve
692 1019 874 1052 addIviene
912 1019 933 1050 il
967 1017 1145 1051 Pantheon
1170 1018 1204 1050 di
1230 1017 1347 1051 PavIa.
1373 1016 1440 1057 Qui
1465 1018 1495 1051 si
1520 1017 1703 1051 celebrano
1728 1018 1736 1050 i
1762 1018 1903 1052 funerali
1929 1019 1963 1052 di
1989 1018 2140 1052 LIonelIo
2165 1018 2263 1053 Duca
2285 1018 2322 1053 di

493 1090 692 1130 Chiarenza‚
717 1090 810 1133 figlio
835 1091 868 1123 di
894 1090 1054 1123 Edoardo
1080 1089 1119 1122 III
1144 1089 1391 1132 d'Inghilterra
1415 1099 1434 1122 e
1458 1090 1487 1123 si
1513 1089 1557 1122 da
1582 1089 1757 1131 sepoltura
1781 1090 1825 1123 ad
1851 1099 1918 1123 una
1943 1092 2038 1132 parte
2073 1091 2128 1124 dei
2154 1091 2231 1124 suoi
2244 1091 2326 1125 resti

493 1163 623 1196 mortali
642 1161 715 1204 (1);
754 1162 831 1195 nell’
846 1139 967 1195 abside
993 1162 1167 1204 maggiore
1193 1162 1221 1195 si
1247 1161 1344 1194 eleva
1381 1163 1554 1194 maestoso
1579 1161 1600 1194 il
1626 1161 1785 1204 sepolcro
1809 1162 1843 1194 di
1869 1160 2038 1196 Galeazzo
2063 1161 2088 1195 II
2114 1161 2280 1203 visconti,
2303 1171 2324 1197 e

494 1235 629 1267 intorno
654 1235 696 1267 ad
723 1243 804 1267 esso
830 1234 859 1267 le
883 1234 998 1266 tombe
1023 1234 1056 1266 di
1083 1233 1239 1266 Violante
1277 1242 1340 1266 sua
1376 1233 1479 1276 tigna,
1505 1234 1536 1266 la
1561 1242 1668 1275 sposa
1693 1233 1827 1266 infelice
1852 1233 1887 1266 di
1913 1233 2086 1274 Lionello;
2111 1234 2145 1267 di
2171 1233 2227 1267 un’
2240 1233 2326 1268 altra

493 1307 595 1349 figlia,
622 1305 769 1338 Antonia
794 1303 884 1346 (doc.
911 1315 942 1338 n.
968 1303 1091 1346 XCIX)
1115 1314 1134 1338 e
1159 1305 1192 1338 di
1220 1314 1286 1338 una
1312 1305 1465 1347 nipotina
1500 1305 1593 1348 figlia
1618 1305 1652 1338 di
1678 1303 1767 1338 Gian
1793 1303 1972 1339 Galeazzo.
1990 1303 2057 1344 Qui
2083 1305 2247 1348 vogliono
2270 1314 2327 1340 se-

496 1378 630 1420 poltura
649 1378 657 1409 i
676 1377 854 1419 principali
881 1377 1087 1419 personaggi
1113 1377 1203 1410 della
1228 1375 1330 1410 Corte
1355 1374 1446 1417 (doc.
1473 1386 1504 1409 n.
1530 1374 1660 1418 XCIX).
1687 1376 1736 1409 Ed
1755 1378 1899 1410 accanto
1915 1377 1947 1410 ai
1965 1377 2114 1419 sepolcri
2131 1377 2187 1410 dei
2203 1377 2325 1420 grandi

494 1450 548 1482 del
575 1449 690 1482 secolo
715 1451 838 1482 stanno
863 1449 967 1490 quelli
993 1449 1097 1488 umili‚
1134 1458 1188 1482 ma
1213 1458 1280 1481 non
1306 1449 1462 1491 ignorati,
1487 1449 1521 1481 di
1546 1448 1631 1481 frate
1655 1446 1850 1491 Guglielmo
1879 1449 1924 1481 da
1948 1446 2118 1482 Cremona
2141 1457 2160 1482 e
2184 1448 2219 1482 di
2243 1448 2329 1482 frate

496 1521 674 1554 Bonifacio
700 1520 890 1562 Bottigella.

587 1592 611 1624 Ε
638 1592 883 1633 sull’esempio
908 1592 960 1624 dei
988 1592 1107 1634 grandi
1133 1592 1241 1624 anche
1267 1592 1275 1624 i
1302 1592 1424 1633 privati
1458 1593 1678 1625 mostravano
1703 1592 1734 1625 la
1760 1592 1832 1625 loro
1857 1592 1957 1625 stima
1994 1600 2094 1625 verso
2118 1591 2165 1635 gli
2190 1590 2331 1635 Agosti-

495 1665 584 1696 niani
612 1664 652 1696 ed
679 1664 699 1696 il
725 1664 898 1696 desiderio
923 1664 956 1695 di
983 1665 1111 1696 alutare
1138 1663 1277 1705 l'opera
1302 1664 1374 1696 loro
1399 1673 1463 1696 con
1489 1664 1569 1696 doni
1595 1663 1775 1706 frequenti,
1801 1673 1819 1697 e
1845 1663 2090 1706 specialmente
2115 1672 2179 1696 con
2203 1663 2325 1706 dispo-

499 1737 619 1768 sizioni
645 1736 908 1768 testamentarie.
935 1734 1028 1768 Oltre
1053 1736 1120 1768 due
1147 1735 1252 1768 nobili
1278 1735 1496 1778 personaggi,
1521 1736 1584 1768 che
1609 1744 1705 1768 come
1721 1734 1837 1769 Oblati
1855 1735 2016 1768 offersero
2033 1736 2071 1768 se
2088 1735 2190 1769 stessi
2207 1744 2227 1768 e
2243 1737 2328 1770 tutte

499 1807 528 1840 le
555 1808 626 1839 loro
652 1809 809 1840 sostanze
846 1807 912 1849 agli
951 1807 1133 1839 EremItani
1171 1804 1262 1847 (doc.
1289 1816 1319 1839 n.
1346 1806 1484 1839 XXXIV
1509 1816 1526 1840 e
1553 1804 1602 1848 L),
1639 1807 1733 1840 molti
1758 1807 1832 1840 altri
1857 1807 1971 1840 fecero
1994 1807 2050 1840 dei
2080 1806 2189 1840 lasciti
2214 1815 2235 1840 a
2258 1806 2332 1841 loro

499 1879 617 1911 favore
643 1878 735 1919 (doc.
762 1889 793 1911 n.
819 1878 997 1918 XXXVIII,
1023 1878 1090 1918 XL,
1117 1878 1182 1918 LV,
1209 1878 1289 1918 LVI,
1315 1876 1410 1919 ecc.).

588 1991 658 2027 28.
686 1995 719 2027 ln
745 1995 789 2027 tal
816 1995 919 2027 modo
944 1995 988 2036 gli
1015 1994 1229 2037 Agostiniani
1256 1997 1421 2036 poterono
1445 2004 1546 2028 avere
1571 2004 1590 2028 a
1616 1995 1754 2037 propria
1778 1995 2012 2037 disposizione
2037 1995 2116 2037 quei
2135 1996 2250 2036 mezzi,
2265 1995 2330 2030 che

498 2067 675 2100 servirono
701 2067 772 2098 loro
797 2076 816 2099 a
842 2067 1012 2107 compiere
1039 2067 1047 2098 i
1074 2067 1347 2108 pregevolissimi
1374 2067 1480 2100 lavori
1506 2067 1540 2100 di
1566 2067 1810 2100 abbellimento
1833 2067 1922 2100 della
1939 2065 2078 2107 Chiesa,
2095 2067 2151 2101 dei
2168 2065 2331 2108 Chiostri,

499 2149 517 2172 e
543 2140 747 2180 soprattutto
784 2138 803 2170 l'
818 2147 921 2180 opera
958 2140 1152 2171 veramente
1178 2139 1429 2172 monumentale
1466 2138 1656 2172 dell'Arca.
1682 2137 1745 2173 Cio
1770 2139 1888 2172 risulta
1913 2139 1969 2172 dal
1993 2138 2092 2172 Liber
2112 2147 2332 2182 expensarum

499 2211 554 2243 del
581 2212 785 2249 monastero,
811 2211 873 2242 che
899 2210 1103 2242 incomincIa
1128 2210 1207 2242 dall’
1221 2219 1311 2243 anno
1339 2211 1434 2250 1380,
1459 2220 1477 2243 e
1502 2212 1531 2244 ci
1558 2220 1647 2252 pone
1671 2213 1761 2244 sotto
1786 2211 1832 2254 gli
1857 2212 1954 2245 occhi
1979 2212 2099 2255 giorno
2123 2220 2184 2254 per
2207 2211 2328 2254 giorno

500 2288 628 2324 quanto
664 2291 720 2314 era
756 2282 847 2323 dagli
884 2281 1099 2323 AgostIniani
1137 2283 1311 2324 compiuto
1348 2291 1407 2324 per
1431 2283 1452 2315 il
1478 2283 1604 2316 decoro
1640 2283 1695 2316 del
1728 2281 1908 2317 Convento
1932 2283 2009 2316 elo
2033 2283 2216 2325 splendore
2240 2282 2332 2317 della

501 2352 592 2386 Casa
617 2353 650 2385 di
676 2352 753 2385 Dio.
780 2353 802 2385 Il
829 2353 965 2385 volume
991 2354 1008 2385 ὲ
1034 2354 1067 2385 di
1094 2363 1138 2385 un
1164 2354 1282 2396 pregio
1318 2354 1559 2396 grandissimo,
1597 2355 1721 2396 perche
1745 2355 1764 2388 ὲ
1789 2364 1856 2388 una
1880 2355 1969 2388 delle
1993 2356 2051 2397 piu
2076 2355 2212 2388 antiche
2246 2354 2331 2389 fonti

500 2434 561 2467 per
586 2425 616 2457 la
641 2425 746 2457 storia
771 2425 920 2457 artistica
946 2425 979 2456 di
1006 2424 1123 2464 Pavia,
1149 2434 1167 2458 e
1193 2426 1222 2458 ci
1248 2425 1281 2458 fa
1306 2435 1448 2467 passare
1474 2427 1608 2459 innanzi
1634 2436 1700 2460 una
1725 2427 1859 2460 schiera
1884 2435 2066 2460 numerosa
2089 2427 2124 2460 di
2149 2426 2331 2460 lavoratori

501 2497 618 2529 intenti
644 2496 675 2528 al
701 2498 854 2529 restauro
880 2496 970 2538 degli
997 2496 1130 2536 edifizii,
1156 2506 1175 2529 a
1200 2497 1377 2539 dipingere
1402 2498 1523 2539 quadri
1537 2498 1579 2531 ed
1593 2498 1762 2538 affreschi,
1779 2507 1797 2531 e
1815 2498 2057 2540 specialmente
2074 2498 2105 2531 le
2122 2507 2226 2532 scene
2241 2498 2332 2532 della

560 2690 591 2715 (1)
606 2690 708 2712 Lionello
724 2690 746 2712 dl
762 2690 890 2712 Chiarenza
905 2691 964 2713 ebbe
980 2697 1021 2718 per
1035 2692 1065 2719 gli
1081 2692 1203 2714 Eremitani
1218 2692 1305 2719 grande
1320 2693 1389 2714 stima

507 2734 536 2755 ed
550 2734 640 2756 attetto.
657 2734 772 2757 Morendo
786 2735 830 2761 egli
846 2736 906 2757 volle
922 2742 952 2757 un
967 2736 1060 2762 duplice
1074 2737 1191 2763 sepolcro,
1206 2737 1270 2758 l'uno
1285 2742 1297 2758 e
1312 2737 1390 2759 l'altro

507 2777 529 2798 in
545 2778 621 2799 chiese
636 2779 791 2806 agostiniane,
806 2785 872 2802 corne
887 2781 970 2801 consta
985 2780 1023 2801 dal
1038 2782 1151 2807 seguente
1166 2786 1238 2808 passo
1253 2781 1290 2803 del
1300 2781 1391 2803 celebre

507 2822 618 2848 cronista‚
634 2828 689 2843 vera
704 2823 777 2849 gloria
792 2823 941 2846 dell'Ordine
963 2825 1111 2851 agostiniano
1126 2825 1149 2846 in
1164 2825 1308 2852 Inghilterra,
1332 2825 1391 2847 frate

507 2865 524 2886 1.
540 2865 684 2893 CAPORAVE,
699 2867 769 2888 Liber
782 2867 811 2888 de
826 2867 964 2890 Illustribus
987 2869 1106 2895 Henricis,
1121 2869 1144 2890 in
1158 2869 1245 2892 Rerum
1267 2869 1391 2892 Brltannt-

508 2915 588 2931 carum
604 2910 678 2932 Medii
691 2910 748 2932 Aevr'
764 2911 907 2938 scriptores,
930 2912 1034 2940 London‚
1058 2913 1116 2940 Eyre
1137 2914 1182 2935 and
1204 2913 1390 2942 spottiswoode,

507 2953 563 2975 edit.
580 2953 606 2975 C.
622 2954 759 2981 Hingeston,
777 2955 835 2982 1858,
851 2961 904 2983 pag.
923 2956 967 2983 100,
983 2957 998 2978 il
1014 2957 1083 2984 quale
1098 2958 1211 2984 parlando
1227 2958 1249 2980 di
1265 2958 1347 2980 Enrico
1362 2959 1392 2981 IV

506 2999 573 3019 sotto
588 2998 666 3020 l'anno
683 2998 741 3025 1392,
757 2998 822 3020 dice:
838 3007 849 3017 «
863 3000 933 3027 Apud
948 3000 1044 3027 Papiam
1069 3007 1164 3029 quoque
1185 3004 1209 3024 et
1229 3003 1389 3025 Mediolanum

507 3047 560 3064 cum
575 3042 635 3064 duce
650 3043 823 3070 hospitabatur,
839 3045 1049 3071 peregrinationem
1064 3051 1131 3068 suam
1153 3046 1290 3069 dulcissimo
1310 3049 1392 3070 contu-

509 3086 590 3108 bernio
604 3086 747 3109 confortans.
763 3087 848 3110 Comes
863 3088 922 3110 enim
937 3089 1050 3111 virtutum
1065 3089 1127 3115 (narn
1142 3092 1166 3112 et
1180 3091 1220 3113 tali
1244 3091 1314 3113 titulo
1335 3093 1391 3114 tunc

508 3130 660 3157 gloriabatur)
677 3131 754 3158 ipsum
769 3131 799 3153 ad
814 3133 925 3159 castrum,
941 3133 980 3154 ubi
995 3139 1082 3160 corpus
1097 3133 1229 3157 Beatissimi
1245 3135 1322 3158 Patris
1345 3136 1391 3158 Au-

1445 2693 1531 2719 gustini
1547 2693 1655 2720 quiescit,
1670 2693 1808 2721 Introduxit,
1823 2693 1896 2720 quod,
1911 2699 1957 2716 non
1966 2694 2016 2716 sine
2027 2699 2110 2721 magna
2120 2694 2326 2722 contemplatione.

1445 2736 1492 2758 dux
1506 2738 1587 2759 noster
1600 2737 1748 2764 amplexatus
1762 2738 1807 2760 est.
1823 2737 1856 2759 Ibi
1866 2738 1890 2759 et
1899 2743 1986 2765 corpus
2000 2738 2084 2759 summi
2095 2738 2228 2766 philosophi
2237 2743 2328 2762 necnon

1446 2783 1469 2803 et
1484 2781 1587 2809 theologi
1602 2781 1678 2803 Boetii
1693 2782 1823 2809 conspexit:
1834 2782 1866 2804 ibi
1876 2783 1901 2804 et
1914 2787 2002 2809 corpus
2015 2782 2128 2808 Leonem,
2143 2783 2264 2810 quondam
2285 2783 2328 2806 da-

1447 2826 1482 2847 cis
1498 2826 1646 2853 clarenctae,
1661 2827 1686 2848 et
1698 2827 1809 2849 avunculi
1822 2826 1869 2854 sul,
1883 2826 1944 2848 vidit
1957 2827 2108 2849 tumulatum.
2123 2827 2182 2849 Nam
2192 2828 2217 2849 et
2230 2827 2265 2850 sic
2279 2833 2329 2850 ιιιο-

1444 2870 1506 2892 riens
1521 2870 1598 2892 dictus
1614 2870 1736 2893 Leonellus
1750 2870 1825 2893 servts
1838 2871 1889 2893 suis
1903 2871 2055 2893 mandaverat
2065 2873 2092 2893 ut
2105 2877 2147 2894 cor
2154 2877 2224 2894 suum
2233 2873 2259 2894 et
2268 2877 2328 2895 oua

1445 2914 1478 2936 ad
1494 2914 1638 2936 Conventum
1655 2915 1802 2942 Clarensem,
1819 2914 1919 2937 Ordinis
1933 2915 2043 2937 Fratrum
2057 2915 2234 2938 Heremttamm
2247 2916 2329 2939 samen

1446 2958 1574 2986 Augustini
1588 2959 1613 2981 in
1623 2958 1719 2986 Angtta,
1731 2958 1929 2987 transferrentur,
1940 2959 2054 2982 carnibus
2063 2960 2116 2982 suls
2125 2965 2176 2982 cum
2186 2960 2326 2987 visceribus,

1445 3009 1525 3026 coram
1539 3004 1664 3030 sepulchro
1677 3003 1792 3026 Doctorts
1805 3003 1888 3026 eximii
1901 3003 1984 3026 devote
1998 3004 2090 3027 reffert:
2103 3011 2124 3026 ».
2135 3004 2154 3027 Β
2168 3006 2253 3032 quesn
2262 3005 2330 3028 tenu·

1445 3048 1567 3070 monianza
1582 3049 1612 3070 ha
1626 3050 1694 3070 tanto
1708 3049 1827 3076 maggiore
1841 3049 1996 3076 importuna.
2011 3049 2035 3071 In
2049 3050 2139 3076 quanto
2157 3055 2226 3072 serve
2238 3055 2253 3072 a
2267 3049 2330 3077 spte-

1444 3099 1500 3120 gare
1514 3093 1536 3114 la
1550 3093 1725 3115 contradizione
1739 3093 1776 3115 dei
1790 3092 1893 3116 Cronisti
1907 3093 2004 3121 italiam,
2018 3095 2086 3121 parte
2100 3093 2138 3116 dei
2159 3094 2223 3121 quali
2242 3094 2329 3117 dioono

1445 3137 1548 3159 Lionello
1563 3137 1679 3159 tumulato
1693 3137 1730 3159 nel
1744 3138 1827 3159 nostro
1840 3136 1864 3159 S.
1881 3136 1968 3164 Pietr03
1983 3137 2012 3160 ed
2026 3137 2079 3160 nltrl
2093 3137 2116 3160 in
2131 3137 2275 3166 Inghiltem.
