2496 3600
3 764 11 809 aa..
3 699 9 715 ,.
3 650 10 687 5...
4 599 5 603 Α
4 577 8 585 ψ.
4 555 7 558 v

0 1232 9 1290 „.....;-
1 1154 14 1223 mm
0 1004 12 1141 -QHM
3 951 12 995 wv„
2 836 11 935 „.,.,«.„
4 812 7 822 ..

13 955 24 1914 fflffl-..mmm„«Q-—m

76 1559 77 1563 „
72 1361 85 1364 t
71 1330 74 1331 ¹
75 1144 81 1149 ι
78 1079 79 1082 Α
62 1011 83 1038 ,⁴⁷¹
71 956 82 978 ζ’,

0 1409 10 1950 -.,-,-,-,.η.---.--.-ω-ῃ;φ,νυυ.ω“,
0 1333 9 1407 ’.ιι-κ-
2 1307 7 1316 ·›

11 3572 14 3579 ν
11 3517 14 3555 ψ’·
0 3195 17 3510 σ--ν-Ϋὴ--ὴ--Ὕῒ-Ῑ-
0 2905 18 3186 :m
11 2817 17 2894 --...-
13 2794 16 2799 .
11 2752 16 2780 ff
11 2698 16 2743 *Α
11 2100 19 2686 ψ-.,-,..-,,κ..,.-.,“-,.,,Μ..-
15 2087 17 2091 ,
13 1915 19 2070 „Mou—

0 314 9 318 ι
0 299 2 301 ⁴
0 269 3 279 ’-
0 233 2 236 ⁴
0 184 13 218 -νῑ

64 356 95 442 (ΜΡ,
62 319 92 346 [⁴1⁴
57 207 59 211 ξ
51 167 53 182 *-

142 179 146 182 ’
124 113 160 161 *VJ-⁴?
149 94 159 104 ι

143 734 153 737 <

2021 252 2066 285 95

334 376 457 412 Coram
482 376 582 410 vobis
606 378 669 410 etc.
694 373 804 416 (come
826 376 882 409 nel
903 376 1098 410 documento
1122 377 1342 416 antecedente,
1354 378 1428 420 fino
1446 388 1467 411 α
1484 380 1637 421 predicta
1654 379 1802 422 vocatis)
1819 383 1948 415 eisdem
1978 392 2067 416 anno

246 443 281 475 et
303 440 486 474 indictione
510 439 576 478 die,
594 439 676 471 hora
692 440 725 471 et
742 438 828 478 loen,
853 438 886 471 in
911 439 1090 480 presencia
1115 440 1338 481 suprascripti
1363 440 1490 473 domini
1517 441 1662 474 Montini
1688 443 1729 475 de
1755 442 1933 485 Butigellis
1950 444 2069 477 Archi-

196 536 199 537 7
248 502 381 536 diaconi
405 503 438 535 et
461 501 724 534 subexecutoris
749 502 849 542 prout
873 501 1033 542 superius
1057 502 1257 541 continetur,
1283 502 1458 543 predictus
1482 504 1651 544 presbiter
1675 504 1829 538 lacomus
1854 507 1999 539 nuncius
2032 509 2066 539 ut

247 574 361 607 supra,
386 563 496 597 retulit
519 564 552 596 et
576 563 663 595 dixit
687 563 779 604 quod
805 572 848 595 ex
874 565 979 604 parte,
997 563 1221 605 impoxitione
1246 564 1453 597 comissione
1478 566 1511 597 et
1535 565 1695 598 mandato
1720 566 1830 607 ipsius
1855 567 1982 599 domini
2013 577 2070 600 su-

248 626 464 661 bexecutoris
488 627 521 659 et
544 625 587 658 ad
613 625 810 667 petitionem
835 626 1058 667 suprascripti
1082 626 1195 658 fratris
1220 625 1329 660 Rufini
1355 627 1478 668 prioris
1503 629 1535 660 et
1560 627 1711 660 Fratrum
1752 629 1832 661 dicti
1869 627 2070 663 Conventus

247 689 386 724 Ordinis
410 688 646 721 heremitarum
672 688 881 729 presentavit
905 689 938 720 et
962 687 1096 720 dimixit
1120 688 1354 730 infrascriptas
1379 688 1507 721 litteras
1532 689 1612 722 dicti
1642 690 1770 722 domini
1807 691 2071 724 subexecutoris

248 754 281 786 et
303 752 376 785 eius
401 750 502 792 sigilli
528 750 753 791 impressione
778 750 936 789 munitas,
962 750 1197 791 suprascripto
1222 750 1408 783 venerabili
1427 751 1500 783 viro
1518 751 1657 784 domino
1681 752 1773 784 fratri
1800 752 1924 786 Iacobo
1953 754 2068 786 abbati

248 817 281 848 et
303 813 394 847 fratri
419 811 578 854 Georgio,
603 812 695 845 fratri
721 811 902 854 Apolonio,
926 812 1018 845 fratri
1044 811 1249 852 Salimbene,
1273 812 1364 845 fratri
1391 811 1549 852 Antonio,
1574 813 1665 846 fratri
1692 813 1841 854 Aurelio,
1866 815 1956 848 fratri
1976 814 2073 848 Guil-

247 876 393 915 lelmino,
417 877 450 908 et
472 874 563 907 fratri
589 874 776 907 Laurencio
801 874 976 907 canonicis
1001 874 1081 907 dicti
1108 875 1302 907 monasterii
1321 876 1429 907 sancti
1456 874 1545 908 Petri
1572 876 1603 908 in
1630 874 1737 909 Coelo
1762 886 1865 909 aureo
1895 878 2073 919 papiensis

245 941 280 972 et
303 938 394 980 quod
419 938 493 979 ipse
518 937 677 970 dominus
702 936 821 969 Abbas
846 939 878 969 et
902 935 1066 970 Canonici
1092 946 1207 970 eorum
1233 939 1265 970 et
1289 938 1400 970 tocius
1426 940 1616 971 conventus
1630 939 1710 971 dicti
1726 940 1920 972 monasterii
1939 941 2073 973 nomine

247 1001 405 1034 dixerunt
421 1001 454 1032 et
470 999 645 1041 protestati
671 999 805 1032 fuerunt
830 999 921 1040 quod
948 999 1045 1031 salvo
1070 999 1160 1031 omni
1186 999 1257 1032 iure
1282 999 1362 1032 dicti
1389 1000 1589 1033 Monasterii
1616 1003 1648 1033 et
1673 1002 1701 1033 si
1727 1003 1759 1034 et
1785 1002 1817 1033 in
1843 1004 2006 1043 quantum
2030 1003 2072 1035 de

247 1064 316 1096 iure
340 1063 495 1095 tenentur
519 1063 552 1094 et
576 1062 712 1100 debent,
730 1061 836 1102 parati
856 1063 934 1094 sunt
952 1061 1122 1094 mandatis
1139 1062 1249 1103 ipsius
1267 1061 1394 1094 domini
1414 1063 1657 1096 subxecutoris
1679 1064 1850 1097 eficaciter
1866 1065 2006 1097 obedire
2021 1062 2074 1105 (1)

247 1125 290 1158 de
314 1125 439 1166 quibus
463 1124 622 1156 omnibus
647 1123 759 1156 dictus
784 1123 944 1156 dominus
970 1124 1181 1156 subxecutor
1216 1126 1248 1157 et
1285 1124 1398 1157 dictus
1434 1126 1603 1166 presbiter
1639 1125 1794 1159 Iacomus
1832 1127 2003 1159 iusserunt
2040 1129 2072 1159 et

249 1188 451 1230 rogaverunt
474 1186 545 1219 fieri
571 1194 715 1228 presens
740 1186 915 1227 publicum
941 1186 1200 1219 instrumentum
1237 1196 1298 1228 per
1334 1196 1386 1220 me
1412 1187 1606 1229 Roglerium
1644 1187 1875 1230 Strazapatam
1906 1190 2071 1221 notarium

249 1249 496 1290 infrascriptum
522 1250 554 1281 et
578 1257 639 1290 per
663 1247 890 1290 Augustinum
916 1247 1139 1287 Panizarium‚
1165 1250 1227 1281 etc.
1253 1257 1344 1281 come
1368 1258 1477 1291 sopra.
1504 1249 1726 1283 presentibus
1752 1251 1889 1283 domino
1907 1250 2007 1283 Petro
2032 1251 2074 1283 de

248 1310 439 1350 Cazabove,
465 1312 527 1343 etc.
552 1308 662 1351 (come
685 1308 812 1352 sopra).

336 1435 434 1468 Anno
458 1445 478 1468 a
502 1435 676 1468 nativitate
701 1434 837 1467 Domini
863 1435 1042 1468 millesimo
1078 1436 1316 1468 trecentesimo
1352 1437 1658 1478 quinquagessimo
1695 1438 1851 1478 septimo,
1889 1438 2073 1470 indictione

247 1499 388 1538 decima,
413 1498 468 1531 die
493 1498 628 1531 veneris
653 1499 776 1530 octavo
801 1498 929 1530 mensis
954 1498 1157 1537 decembris,
1183 1498 1265 1531 hora
1290 1507 1408 1540 parum
1441 1501 1518 1531 ante
1548 1508 1723 1540 vesperas.
1750 1499 1783 1531 ln
1809 1499 1903 1532 Atrio
1929 1499 2074 1532 ecclesie

249 1559 360 1595 Sancti
386 1560 474 1593 Petri
501 1561 532 1592 in
559 1560 632 1593 celo
657 1569 760 1593 aureo
785 1561 973 1602 papiensis,
988 1560 1147 1593 videlicet
1165 1561 1260 1593 iuxta
1285 1563 1415 1602 portam
1442 1562 1602 1594 maiorem
1628 1562 1738 1603 ipsius
1763 1562 1919 1601 ecclesie,
1935 1571 2076 1594 venera-

249 1623 326 1656 bilis
350 1623 401 1655 vir
424 1623 583 1655 dominus
608 1623 785 1655 Montinus
803 1622 844 1654 de
863 1622 1041 1664 Butigellis
1055 1621 1327 1655 Archidiaconus
1344 1624 1521 1665 papiensis
1535 1626 1567 1656 et
1581 1624 1813 1656 subexecutor
1826 1626 1858 1656 et
1874 1624 1906 1655 in
1925 1623 2073 1656 solidum

248 1686 429 1727 deputatus
453 1694 473 1718 a
497 1685 782 1718 reverendissimo
807 1685 839 1716 in
865 1683 1002 1718 Christo
1027 1684 1125 1717 Patre
1151 1687 1183 1718 et
1200 1685 1338 1718 domino
1355 1686 1494 1718 domino
1511 1685 1698 1718 Bertrando
1716 1687 1930 1720 miseratione
1949 1686 2075 1725 divina,

248 1750 310 1781 etc.
334 1744 443 1788 (come
466 1756 565 1789 sopra
581 1747 669 1780 nella
686 1747 798 1779 lettera
823 1747 1034 1779 antecedente
1058 1746 1094 1779 di
1116 1747 1266 1780 Montino
1291 1748 1327 1780 ai
1352 1747 1513 1781 Canonici
1528 1748 1602 1789 fino
1628 1757 1649 1780 α
1674 1748 1820 1781 bullatas
1838 1757 1855 1781 e
1868 1746 1957 1790 poi).·
1983 1750 2015 1780 et
2040 1749 2072 1780 in

249 1818 412 1852 processu
437 1809 527 1842 facto
552 1819 613 1851 per
636 1809 763 1842 dictum
789 1809 963 1841 dominum
989 1808 1211 1842 Bertrandurn
1237 1810 1354 1851 vigore
1387 1810 1552 1842 dictarum
1590 1810 1771 1843 litterarum
1808 1810 2072 1852 apostolicarum

259 1872 392 1914 plenius
416 1874 448 1904 et
473 1871 637 1904 seriosius
673 1871 878 1903 continetur:
904 1869 1028 1904 Coram
1054 1880 1122 1912 quo
1148 1871 1286 1903 domino
1311 1871 1468 1904 Montino
1493 1871 1744 1904 Archidiacono
1769 1874 1801 1904 et
1819 1873 2069 1918 subexecutore

248 1937 283 1967 ut
307 1943 410 1976 supra
434 1934 548 1967 oblata
583 1934 645 1966 tuit
681 1934 806 1975 peticio
832 1943 892 1975 per
916 1934 1145 1966 venerabilem
1183 1934 1291 1966 virum
1328 1935 1502 1967 dominum
1534 1935 1669 1967 fratrem
1708 1934 1863 1969 Rufinum
1889 1935 1931 1967 de
1958 1934 2075 1967 Bassi-

247 2006 357 2040 gnana
392 1997 538 2039 priorem
574 1998 764 2029 conventus
790 1996 967 2037 papiensis
992 1995 1131 2028 Ordinis
1157 1997 1394 2029 heremitarum
1420 1997 1528 2030 sancti
1554 1997 1746 2039 Augustini,
1779 2006 1843 2030 suo
1868 1998 2004 2030 nomine
2041 2000 2073 2030 et

246 2059 379 2092 nomine
404 2059 514 2101 ipsius
539 2060 740 2098 conventus,
765 2059 807 2091 de
833 2067 1004 2090 consensu
1030 2058 1168 2090 fratrum
1195 2061 1386 2092 conventus
1411 2060 1577 2099 eiusdem,
1603 2069 1668 2101 que
1695 2060 1813 2101 petitio
1845 2060 1930 2092 inter
1959 2062 2072 2092 cetera

247 2121 440 2154 continebat
464 2121 693 2154 venerabilem
719 2121 827 2153 virum
853 2120 1027 2153 dominum
1067 2120 1201 2153 fratrem
1236 2121 1394 2154 Iacobum
1435 2122 1593 2154 abbatem
1619 2124 1651 2154 et
1675 2122 1795 2155 fratres
1820 2124 1852 2154 et
1877 2120 2073 2155 Canonicos

246 2183 439 2216 monasterii
465 2181 579 2216 Sancti
605 2182 694 2215 Petri
720 2183 752 2215 in
778 2181 863 2215 Celo
887 2182 1001 2215 Aureo
1026 2183 1213 2224 papiensis,
1239 2182 1379 2216 Ordinis
1416 2182 1666 2216 Canonicorum
1705 2183 1920 2226 Regularium
1957 2182 2070 2216 Sancti

246 2244 424 2287 Augustini
450 2254 511 2286 per
535 2245 662 2277 dictum
687 2245 861 2277 dominum
887 2244 1079 2277 Montinum
1105 2244 1392 2277 Archidiaconum
1418 2247 1450 2278 et
1475 2246 1761 2278 subexecutorem
1802 2255 1862 2287 per
1892 2254 2070 2278 censuram

245 2306 512 2340 ecclesiasticam
537 2307 613 2349 cogi
639 2308 671 2339 et
696 2306 854 2348 compelli
880 2306 923 2339 ad
950 2307 1166 2339 vendendum
1192 2308 1224 2339 et
1249 2307 1475 2339 traddendum
1512 2308 1602 2340 iusto
1638 2308 1753 2349 precio
1779 2308 1870 2340 dicto
1896 2307 2001 2339 Priori
2039 2309 2070 2339 et

244 2369 335 2402 dicto
353 2367 544 2402 Conventui
563 2369 692 2402 ordinis
710 2369 947 2402 heremitarum
965 2369 1073 2402 sancti
1092 2368 1273 2411 Augustini
1292 2369 1431 2402 brachia
1448 2371 1526 2402 octo
1543 2371 1576 2402 et
1593 2372 1745 2411 quartam
1765 2378 1864 2401 unam
1883 2371 1945 2401 etc.
1963 2366 2070 2409 (come

244 2430 297 2463 nel
314 2431 421 2472 primo
446 2431 642 2464 documento
659 2430 733 2472 fino
758 2439 780 2463 α
804 2433 836 2463 et
861 2430 1004 2472 quiquid
1030 2433 1082 2463 est
1107 2431 1192 2463 intra
1218 2431 1356 2463 brachia
1381 2433 1459 2463 octo
1485 2434 1516 2464 et
1542 2429 1711 2472 quartam)
1737 2432 1831 2463 iuxta
1857 2431 1983 2463 dictum
2002 2431 2069 2471 pri-

244 2492 403 2535 vilegium
429 2493 509 2526 dicti
535 2493 662 2526 domini
688 2493 847 2526 Iohannis
872 2502 960 2534 pape
986 2492 1086 2526 XXII.
1112 2492 1152 2525 Et
1177 2502 1243 2534 que
1269 2493 1369 2525 etiarn
1395 2493 1591 2526 continebat
1608 2502 1668 2535 per
1686 2493 1797 2534 ipsum
1815 2493 1989 2525 dominum
2008 2491 2070 2524 Ar-

243 2555 478 2588 chidiaconum
497 2557 528 2588 et
546 2555 831 2588 subexecutorem
857 2557 920 2587 etc.
938 2551 987 2595 (si
1001 2563 1194 2596 espongono
1219 2557 1299 2587 tutte
1316 2555 1346 2587 Ie
1367 2555 1448 2587 altre
1473 2552 1665 2596 domande),
1691 2557 1790 2596 prout
1816 2555 1877 2587 hec
1895 2556 1927 2586 et
1952 2554 2017 2586 alia
2036 2554 2068 2586 in

244 2616 333 2650 dicta
357 2618 519 2659 petitione
544 2618 768 2650 continentur.
794 2615 883 2655 Quia
909 2617 998 2649 idem
1024 2616 1184 2649 dominus
1224 2615 1496 2649 Archidiaconus
1532 2618 1564 2649 et
1601 2617 1833 2649 subexecutor
1857 2616 1949 2657 quod
1975 2618 2067 2648 esset

244 2678 367 2712 iustum
392 2679 542 2721 precium
567 2679 733 2712 dictorum
760 2679 974 2711 brachiorum
999 2680 1077 2711 octo
1102 2680 1134 2711 et
1159 2680 1276 2719 quarte
1303 2679 1403 2711 unius
1428 2687 1471 2711 ex
1497 2679 1598 2711 dictis
1623 2678 1783 2710 domibus
1814 2678 1918 2710 fondo
1944 2679 1975 2710 et
1993 2677 2069 2710 solo

302 2835 331 2861 (1)
345 2835 393 2858 Che
407 2835 413 2857 i
428 2835 539 2858 Canonici
554 2841 599 2857 non
614 2835 767 2857 accedessero
783 2835 856 2856 molto
877 2834 998 2856 volentierl
1021 2835 1065 2856 alle
1087 2834 1127 2856 do-
1182 2834 1204 2856 in
1219 2834 1288 2856 Arcti.
1305 2834 1367 2856 δίον.
1385 2835 1463 2856 Lomb.
1479 2834 1607 2856 settembre
1633 2834 1691 2861 1895,
1707 2839 1760 2861 pag.
1776 2834 1809 2856 ae.
1826 2828 1844 2856 Ε
1858 2840 1914 2856 vero
1936 2834 1978 2855 che
1993 2834 2008 2855 il
2024 2833 2068 2856 Ro-

247 2879 329 2902 mande
343 2880 404 2907 degn
419 2879 543 2902 Eremitaril
558 2879 571 2901 ὲ
586 2879 726 2901 dimostrato
742 2879 930 2900 dall'lntervento
945 2878 981 2899 del
1001 2878 1127 2900 subesecu-
1181 2884 1250 2900 mano
1265 2879 1284 2900 si
1299 2879 1417 2905 appoggia
1432 2878 1462 2900 ad
1478 2884 1507 2899 un
1523 2878 1672 2905 documento,
1684 2878 1725 2900 che
1741 2878 1778 2900 noi
1795 2878 1984 2905 pubblicheremo
2001 2880 2067 2900 sotto

246 2924 297 2946 tore
311 2924 451 2950 apostolico.
467 2923 498 2945 La
513 2923 684 2946 dIchlarazione
700 2922 756 2950 pero
771 2923 813 2944 che
829 2922 868 2949 qul
884 2922 930 2944 essi
941 2922 1011 2943 ranno
1021 2921 1044 2943 di
1055 2922 1123 2948 piena
1178 2923 1263 2944 l'anno
1280 2923 1330 2945 1387
1344 2923 1365 2944 ai
1383 2923 1407 2944 10
1423 2923 1523 2949 maggio,
1539 2923 1561 2944 in
1576 2922 1612 2944 cui
1628 2922 1647 2944 si
1663 2922 1758 2944 afferma
1776 2922 1818 2944 che
1833 2923 1862 2949 gli
1879 2923 2003 2944 Eremitanl
2023 2928 2068 2949 per

246 2967 276 2989 ed
289 2967 383 2990 efflcaee
397 2967 537 2990 ubbidienza
552 2969 606 2994 (pur
627 2968 692 2989 sotto
707 2967 728 2988 la
743 2967 813 2989 solita
837 2966 925 2988 riserva
941 2965 962 2987 dl
978 2965 1061 2992 diritti)
1082 2966 1126 2987 alle
1181 2968 1226 2988 vlm
1237 2968 1261 2988 et
1275 2967 1412 2989 virulentiam
1428 2968 1559 2994 rapuerunt
1573 2968 1627 2993 etc.;
1643 2972 1680 2988 ma
1695 2967 1708 2988 ὲ
1718 2967 1747 2989 da
1763 2967 1892 2989 osservarsi
1904 2967 1946 2989 che
1957 2973 2002 2988 non
2013 2967 2032 2988 si
2043 2967 2066 2988 ta

247 3011 356 3034 declslonl
371 3012 588 3039 dell'Arcldiacono,
610 3017 683 3039 prova
698 3012 721 3033 in
735 3012 856 3038 sostanza,
878 3011 920 3033 che
942 3011 1124 3032 riconoscevano
1179 3011 1284 3032 violenza
1299 3010 1329 3032 ad
1343 3011 1427 3032 alcuno
1443 3011 1538 3038 quando
1552 3016 1596 3033 con
1611 3011 1632 3032 le
1647 3010 1776 3038 procedure
1798 3011 1925 3033 canoniche
1940 3011 1959 3033 si
1977 3011 2065 3033 ottlene

238 3061 311 3079 -eome
324 3055 420 3079 tondate
434 3057 470 3079 nel
485 3056 566 3079 dlritto
580 3057 601 3078 le
616 3056 731 3078 domande
746 3055 807 3083 degli
827 3055 961 3082 Eremitanl,
983 3061 995 3076 e
1017 3060 1063 3076 non
1087 3054 1124 3081 gia
1179 3054 1345 3076 l'osservanza
1361 3053 1396 3076 dei
1413 3054 1500 3081 proprii
1516 3054 1598 3081 diritti,
1613 3054 1696 3076 sanciti
1711 3054 1772 3076 dalla
1787 3059 1897 3081 suprema
1912 3054 2024 3076 autorita.

246 3100 288 3122 che
307 3091 364 3123 'esse
377 3100 469 3123 rossem
483 3106 529 3123 una
544 3094 598 3123 vera
610 3093 765 3128 preveni-iza,
781 3105 847 3122 come
862 3099 948 3121 scrisse
963 3098 990 3121 G.
1007 3098 1127 3125 ΗοΜΑΝο,
