2496 3600
1933 243 1997 275 203

999 528 1181 569 CXIII.

267 644 406 673 Laurea
431 644 466 673 in
490 644 646 681 teologia
671 645 706 674 di
732 645 822 674 frate
847 646 1033 676 Bartoiino
1058 647 1206 676 Beccati
1232 647 1267 676 di
1292 648 1540 678 Alessandria.

832 767 986 800 1396,
1006 770 1246 802 ottobre,
1266 770 1345 795 18.

798 864 947 891 (MAloccffl,
965 865 1022 887 Cod.
1038 866 1145 892 diplom,
1162 867 1206 887 vol.
1224 867 1239 891 1,
1256 872 1309 893 pag,
1325 867 1381 893 296).

267 1053 418 1171 ΡΙ
401 1008 546 1126 )ΗΑΤΕΒ
570 1069 772 1109 Guilelmus,
798 1079 894 1103 sacre
926 1071 1072 1113 teologie
1105 1071 1288 1112 professor,
1314 1071 1375 1104 Dei
1401 1074 1434 1105 et
1458 1073 1646 1114 apostolice
1675 1074 1768 1106 sedis
1796 1075 1902 1116 gratia
1927 1075 2000 1116 epi-

444 1140 574 1174 scopus
600 1133 776 1174 papiensis
801 1135 833 1165 et
857 1142 984 1172 comes,
1009 1133 1086 1166 almi
1113 1133 1221 1166 Studii
1249 1135 1424 1176 papiensis
1450 1135 1684 1175 cancellarius,
1710 1136 1833 1170 dilecto
1848 1138 1947 1170 nobis
1965 1138 1998 1169 in

444 1193 581 1228 Christo
610 1195 771 1238 religioso
800 1196 873 1228 viro
906 1196 996 1229 fratri
1030 1196 1203 1229 Bartolino
1227 1198 1269 1230 de
1295 1197 1466 1231 Beccariis
1491 1199 1533 1232 de
1548 1199 1754 1233 Alexandria
1779 1198 1840 1241 (1),
1866 1201 1996 1234 ordinis

177 1252 412 1288 heremitarum
441 1258 549 1290 sancti
574 1257 756 1300 Augustini
782 1258 925 1291 salutem
951 1259 984 1290 in
1009 1259 1160 1292 datorem
1186 1260 1317 1293 salutis.
1344 1261 1414 1293 Etsi
1440 1262 1589 1294 omnium
1615 1272 1676 1303 pro
1702 1264 1842 1296 scientie
1867 1272 2000 1305 marga-

177 1315 239 1349 rita
263 1319 476 1359 capescenda
501 1321 732 1353 insudiantum
751 1321 869 1360 virtus,
888 1322 1046 1363 exigente
1072 1323 1209 1361 iustitia,
1226 1323 1329 1364 digna
1347 1324 1475 1364 premia
1500 1326 1631 1365 poscat,
1649 1334 1711 1357 nec
1729 1327 1907 1358 coronetur
1931 1326 1995 1358 nisi

178 1378 237 1420 qui
264 1379 436 1422 legiptime
461 1383 651 1422 certaverit,
676 1383 722 1415 illi
747 1385 859 1416 tamen
885 1384 942 1425 qui
969 1384 1001 1416 in
1027 1393 1124 1417 sacra
1138 1385 1320 1427 theologia,
1334 1395 1400 1427 que
1415 1387 1466 1418 est
1483 1387 1630 1418 omnium
1656 1388 1871 1420 scientiarum
1897 1390 2002 1421 mater

175 1442 209 1473 et
232 1442 404 1484 magistra,
428 1444 507 1477 fidei
532 1444 799 1485 fundamentum,
817 1446 1018 1488 extirpatrix
1044 1447 1199 1479 heresum
1218 1448 1249 1479 et
1266 1449 1379 1480 eterne
1405 1448 1525 1482 salutis
1550 1449 1730 1488 inventrix,
1749 1450 1884 1491 propria
1902 1450 2003 1483 relin-

173 1506 318 1544 quentes
342 1507 375 1538 et
399 1514 437 1539 se
462 1507 559 1549 ipsos
583 1508 794 1552 abnegantes
818 1509 955 1541 diversa
981 1510 1096 1541 mundi
1122 1509 1256 1542 climata
1282 1513 1558 1552 peregraverunt,
1576 1512 1689 1544 studia
1704 1514 1897 1545 rotaverunt
1914 1515 1945 1545 et
1964 1513 1996 1545 in

175 1566 227 1599 eis
252 1569 370 1601 noctes
394 1577 540 1611 persepe
565 1570 728 1603 ducentes
753 1571 930 1604 insomnes
962 1572 1138 1604 immensis
1171 1571 1346 1604 laboribus
1372 1573 1525 1605 bravium
1551 1574 1742 1615 attigerunt,
1760 1574 1893 1606 felitiori
1919 1577 1998 1607 sunt

173 1628 313 1662 denario
345 1631 534 1671 premiandi
559 1635 591 1665 et
616 1632 734 1674 majori
761 1634 949 1666 reverentie
974 1633 1065 1666 dono
1090 1634 1285 1674 decorandi,
1303 1636 1479 1676 persertim
1506 1635 1562 1668 ubi
1588 1636 1630 1668 acl
1656 1637 1795 1668 scientie
1812 1636 1997 1676 cumulum,

176 1692 335 1725 cumulus
358 1693 459 1726 etiam
486 1694 646 1727 virtutum
671 1696 813 1729 accedit.
843 1694 930 1729 Cum
956 1697 1070 1738 itaque
1095 1697 1303 1730 reverendus
1328 1699 1424 1739 pater
1440 1696 1619 1731 Generalis
1643 1697 1739 1730 Prior
1763 1699 1842 1731 dicti
1868 1700 1999 1732 ordinis

177 1753 432 1796 Heremitarum,
456 1766 496 1790 ac
521 1756 688 1791 Generale
712 1756 908 1800 Capitulum
938 1758 1113 1801 Herbipoli
1139 1759 1344 1792 celebratum
1373 1761 1467 1800 1391,
1493 1770 1566 1800 vos,
1593 1761 1715 1794 vestris
1745 1762 1871 1794 meritis
1896 1762 1938 1794 ad
1965 1763 1997 1794 id

176 1825 237 1849 eos
262 1817 513 1859 inducentibus,
530 1822 610 1862 post
633 1822 731 1854 actus
756 1821 957 1854 scolasticos
983 1830 1042 1863 per
1059 1831 1122 1854 vos
1148 1822 1180 1854 in
1207 1822 1363 1863 pluribus
1387 1832 1426 1855 ac
1452 1823 1600 1856 diversis
1624 1823 1842 1865 generalibus
1867 1822 1997 1857 Studiis

175 1877 317 1912 feliciter
348 1883 579 1922 consumatos,
603 1883 842 1924 deputaverint
866 1884 909 1916 ad
938 1883 1119 1926 legendum
1152 1883 1344 1918 Sententias
1378 1894 1439 1926 pro
1463 1885 1569 1918 forma
1596 1886 1627 1917 in
1655 1886 1718 1918 hoc
1751 1886 1840 1919 felici
1874 1885 1995 1919 Studio

179 1939 285 1983 Papie
303 1944 336 1975 et
360 1952 420 1984 per
444 1944 613 1985 quosdam
638 1945 844 1978 reverendos
862 1946 894 1978 in
912 1954 1010 1978 sacra
1034 1946 1206 1988 theologia
1231 1947 1413 1989 magistros
1437 1947 1546 1980 Nobis
1572 1949 1787 1989 presentatus
1811 1948 1942 1981 fueritis
1967 1951 1999 1981 et

175 2012 237 2045 per
259 2013 323 2038 nos
354 2005 529 2040 admissus
561 2016 623 2048 pro
654 2016 755 2040 onere
789 2007 983 2040 huiusmodi
1009 2008 1135 2041 lecture
1167 2009 1349 2042 subeundo
1373 2011 1406 2042 et
1430 2010 1536 2052 gradu
1570 2011 1740 2052 magisteri
1774 2011 1998 2044 assumendo:

177 2065 317 2109 Vosque
341 2068 528 2102 iniunctum
553 2079 641 2102 onus
670 2079 851 2103 assumens
883 2071 1078 2103 huiusmodi
1111 2069 1305 2104 Sententias
1329 2074 1360 2105 et
1385 2071 1530 2105 Bibliam
1557 2073 1705 2115 legeritis
1731 2074 1762 2105 in
1788 2072 1908 2106 Studio
1934 2075 2000 2107 isto

178 2129 273 2162 iuxta
298 2130 528 2164 institutiones
553 2134 585 2164 et
610 2133 747 2165 ordines
773 2133 805 2165 in
830 2133 957 2166 talibus
982 2134 1227 2175 deputatos,‘et
1251 2134 1316 2166 sub
1339 2143 1400 2167 sex
1426 2135 1597 2177 magistris
1622 2144 1717 2168 sacre
1735 2136 1905 2178 theologie
1922 2146 2001 2178 pro-

177 2191 368 2226 fessoribus
394 2194 426 2226 in
452 2194 515 2227 hac
534 2194 623 2227 alma
649 2194 877 2228 Universitate
894 2196 936 2228 de
953 2196 1070 2229 arduis
1087 2198 1119 2228 et
1136 2197 1213 2229 altis
1238 2197 1477 2238 questionibus
1495 2197 1526 2229 in
1545 2206 1642 2230 sacra
1667 2198 1836 2240 theologia
1853 2208 1995 2240 respon-

176 2254 304 2305 deritis,
321 2256 477 2298 aliosque
501 2259 600 2290 actus
627 2257 830 2291 bachalariis
847 2267 908 2299 pro
932 2258 1039 2291 forma
1064 2259 1255 2301 legentibus
1280 2260 1526 2300 incumbentes,
1544 2260 1759 2294 laudabiliter
1775 2262 1997 2295 exercueritis

177 2318 210 2350 et
235 2317 455 2359 perfeceritis,
474 2328 536 2352 vos
563 2320 806 2353 benemeritum
831 2321 874 2353 ad
901 2321 1048 2354 honores
1065 2323 1097 2354 et
1122 2322 1248 2354 infulas
1274 2323 1458 2364 magisterii
1484 2331 1544 2355 seu
1570 2323 1766 2356 doctoratus
1791 2324 1998 2364 exhibendo,

179 2389 311 2422 nosque
336 2382 535 2415 auctoritate
559 2383 748 2424 apostolica
773 2392 852 2424 qua,
870 2392 912 2416 ex
939 2384 1070 2416 indulto
1094 2385 1300 2417 sanctissimi
1327 2385 1359 2417 in
1377 2383 1514 2418 Christo
1539 2386 1644 2427 patris
1662 2387 1693 2419 et
1718 2386 1844 2419 domini
1870 2387 1998 2419 domini

179 2442 338 2477 Bonifatii
363 2445 480 2478 divina
505 2445 718 2486 providentia
743 2445 836 2488 Pape
861 2447 939 2479 noni
965 2446 1185 2480 Universitati
1211 2448 1367 2489 papiensi
1394 2456 1571 2488 concesso,
1589 2449 1760 2490 fungimur
1785 2449 1817 2481 in
1836 2450 1898 2482 hac
1923 2459 2001 2491 par-

177 2507 221 2546 te,
238 2509 428 2540 convocata
445 2509 478 2540 et
494 2511 700 2550 congregata
726 2508 955 2542 Universitate
981 2509 1175 2542 huiusmodi
1202 2510 1234 2542 in
1260 2510 1448 2551 epistopali
1475 2510 1601 2552 palatio
1626 2513 1742 2543 nostro
1767 2520 1828 2552 pro
1854 2512 1917 2544 hoc
1940 2521 1999 2544 ne-

178 2569 271 2611 gotio
310 2570 506 2611 specialiter
544 2570 762 2612 explicando,
795 2571 905 2611 vobis,
938 2571 1141 2604 sufficientia
1181 2574 1294 2605 vestra
1330 2573 1499 2614 exigente,
1535 2573 1728 2606 cathedram
1769 2574 1996 2616 magistralem

177 2632 385 2664 ascendendi
411 2634 443 2665 et
467 2633 499 2664 in
525 2641 565 2665 ea
590 2633 735 2675 legendi,
761 2633 964 2674 disserendi,
989 2634 1198 2676 disputandi,
1224 2635 1422 2676 questiones
1447 2636 1648 2668 terminandi
1674 2637 1706 2668 et
1738 2638 1870 2669 ceteros
1902 2638 2001 2670 actus

179 2693 360 2727 doctoreos
385 2695 566 2728 exercendi
592 2697 624 2728 et
641 2695 824 2738 magisterii
851 2696 975 2729 infulas
999 2697 1183 2730 defferendi
1211 2697 1241 2729 in
1260 2697 1349 2730 dicta
1374 2706 1470 2730 sacra
1495 2698 1677 2740 theologia,
1695 2698 1749 2731 die
1767 2699 2001 2732 sextadecima

236 2851 268 2876 (1)
283 2851 377 2874 intorno
391 2857 404 2873 a
419 2851 478 2874 irate
493 2851 613 2875 Bartolino
628 2852 731 2879 Beccari,
746 2852 768 2874 di
784 2853 820 2875 cui
835 2853 848 2874 ὲ
862 2858 936 2875 cenno
946 2853 982 2875 nel
993 2853 1063 2876 leer
1116 2859 1183 2875 nova,
1200 2853 1241 2876 Nel
1258 2854 1316 2881 1393,
1331 2859 1397 2876 come
1415 2854 1545 2881 vedemmo,
1570 2855 1642 2882 passo
1656 2860 1670 2877 a
1686 2855 1757 2877 Pavia
1773 2861 1814 2882 per
1835 2856 1995 2882 disposizlone

182 2899 339 2924 expensarum
361 2896 398 2918 del
414 2896 473 2924 1333,
489 2897 608 2925 rileviarno
623 2897 661 2919 dal
683 2897 799 2924 TORELM,
815 2897 852 2924 Vl,
867 2897 915 2925 398,
930 2898 972 2920 che
986 2898 1032 2925 agli
1045 2898 1060 2920 Β
1113 2898 1150 2920 del
1166 2898 1275 2925 Capitolo
1289 2898 1402 2921 Generale
1417 2899 1439 2920 di
1455 2899 1596 2926 Viirtzburg.
1612 2900 1654 2921 Nel
1671 2900 1722 2922 1⁴05
1731 2899 1755 2922 iu
1766 2900 1795 2922 da
1807 2901 1936 2923 innocenzo
1947 2900 1994 2927 Vll,

183 2938 207 2960 dl
221 2939 316 2962 ottobre
332 2940 391 2967 1³87,
405 2940 430 2963 tu
444 2941 593 2963 autorizzato
608 2941 645 2963 dal
660 2941 774 2964 Generale
795 2941 946 2964 Bariolorneo
967 2941 996 2964 da
1019 2942 1062 2964 Ve-
1115 2947 1159 2965 con
1181 2943 1242 2964 bolla
1263 2942 1299 2964 dei
1323 2944 1348 2965 15
1367 2943 1448 2970 aprile,
1471 2943 1543 2966 eletto
1565 2944 1640 2971 primo
1662 2944 1770 2967 Vescovo
1791 2945 1813 2966 dl
1829 2945 1992 2972 Aiessandria,

183 2983 250 3005 uezla
264 2984 295 3006 ad
315 2989 436 3008 assumere
450 2985 466 3007 ii
479 2985 553 3013 grado
568 2985 590 3007 di
613 2986 708 3008 Lettore
726 2986 787 3008 nelle
807 2985 892 3009 Studio
914 2987 1063 3014 agustiniano
1116 2987 1159 3009 che
1173 2987 1235 3009 dallo
1249 2988 1328 3009 stesso
1353 2986 1471 3010 Ponteiice
1486 2993 1525 3010 era
1548 2988 1611 3010 stata
1635 2988 1753 3015 disgiunta
1777 2988 1837 3011 daila
1861 2989 1948 3011 diocesi
1973 2989 1995 3010 ‹li

184 3027 207 3050 di
222 3027 326 3056 Boiogna
341 3030 406 3052 sotto
421 3029 442 3052 la
458 3029 580 3058 Reggenza
595 3030 632 3053 del
655 3030 679 3053 Ρ.
701 3030 762 3053 Μῐο.
782 3031 884 3053 Antonio
905 3031 935 3053 da
957 3031 1060 3058 Firenze;
1117 3031 1198 3058 Aequi.
1214 3030 1287 3054 Resse
1301 3031 1323 3053 la
1337 3031 1424 3054 diocesi
1440 3032 1492 3054 sino
1505 3031 1607 3054 all’anno
1623 3033 1675 3054 141⁴
1688 3032 1717 3054 ed
1731 3033 1791 3055 ebbe
1805 3038 1819 3055 a
1833 3038 1970 3055 successore
1981 3033 1996 3054 il

183 3077 198 3094 e
211 3072 317 3096 ricevuto
331 3074 386 3101 quel
400 3074 474 3101 grado
487 3074 512 3097 tu
527 3075 646 3098 destinato
661 3075 755 3098 Lettore
770 3075 831 3098 nello
845 3075 929 3098 Studio
943 3075 966 3097 dl
985 3075 1062 3098 Siena.
1118 3081 1162 3098 suo
1176 3075 1314 3098 confi-aterio
1328 3075 1387 3098 irate
1402 3076 1502 3098 Michele
1516 3076 1670 3104 Mantegazza
1685 3077 1714 3099 da
1729 3077 1825 3099 milano.

185 3116 227 3139 Nel
243 3117 299 3142 1392,
308 3122 348 3140 ern
363 3117 502 3141 Baceeniere
516 3124 529 3141 e
545 3119 639 3142 Lettore
654 3119 781 3147 principale
795 3120 831 3142 nel
847 3119 969 3143 convento
984 3120 1006 3142 dl
1021 3119 1065 3143 Ge-
