2496 3600
1960 202 2021 236 135

299 266 312 285 η
350 265 354 267 -
389 263 394 267 v
1573 267 2044 281 ——--—.-

158 333 196 380 0?
186 319 240 374 ξε
261 342 356 379 spese
377 341 460 367 sono
484 342 546 375 pro
570 332 685 366 labore
709 333 820 375 platee
845 342 863 366 e
886 333 911 367 il
934 333 1101 367 laborerio
1124 333 1236 375 platee
1260 334 1292 367 si
1313 333 1469 367 continua
1492 333 1547 366 nel
1572 333 1707 375 Giugno
1731 343 1748 366 e
1772 334 1826 366 nel
1848 334 1965 376 Luglio
1990 336 2022 367 in

143 384 198 435 'f
186 381 266 438 '3221'
285 396 322 431 al
339 396 384 430 21
407 395 439 430 si
459 394 582 438 spende
606 404 668 437 pro
692 395 837 428 solando
862 395 1018 437 plateam.
1043 395 1110 429 Nel
1132 395 1311 430 Settembre
1334 397 1366 429 si
1388 404 1566 438 comprano
1589 396 1662 429 assi
1685 405 1702 428 e
1725 396 1757 428 si
1778 396 1936 428 lavor-'ano
1976 398 2025 429 ta-

158 461 199 507 :vj-'¹
208 456 309 496 balae
332 459 366 493 et
389 457 520 492 banche
545 457 730 491 foresterie.
755 457 844 491 Nell’
848 457 983 492 Ottobre
1007 459 1038 491 si
1061 458 1175 492 [avora
1199 459 1242 492 ad
1268 459 1531 500 cooperiendum
1557 458 1738 500 coquinam
1756 460 1788 491 et
1806 458 1942 491 domum
1968 467 2026 492 co-

163 514 323 569 '⁴⁶2quine.
346 519 412 554 Nel
433 528 522 554 mese
545 519 581 553 di
603 519 779 553 dicembre:
803 519 837 552 ln
863 521 982 562 primis
1006 521 1061 553 die
1086 521 1238 554 secunda
1261 521 1340 553 dedi
1366 521 1528 563 magistro
1553 520 1704 562 lapidum
1724 521 1781 562 qui
1800 520 1899 553 debet
1916 520 2026 553 facere

160 570 376 629 ῥζζ·ριι1ρίιιιηι
401 583 434 616 ίη
458 582 634 616 refectorio
657 583 805 616 florenos
830 583 876 615 llll
903 583 1054 616 valentes
1080 583 1152 616 libr.
1179 582 1244 623 Xll,
1268 584 1356 616 sold
1396 582 1501 616 XVl...
1539 583 1618 616 item
1654 583 1731 616 dedi
1768 583 1929 625 magistro
1958 582 2029 615 Do-

161 629 186 675 s
212 646 357 683 minicho
380 654 442 688 pro
466 642 630 688 operibus
653 645 771 679 decem
796 647 828 679 et
853 654 975 679 novem
1000 646 1098 679 factis
1123 655 1185 688 pro
1210 646 1301 679 dicto
1325 646 1469 688 pulpito,
1494 646 1608 679 dando
1630 654 1692 687 pro
1709 655 1812 688 opere
1840 645 1927 679 sold.
1957 645 2021 685 Xll,

158 710 190 746 ,κζ
211 711 343 746 ‘summa
365 710 417 742 est
441 708 515 742 libr.
540 707 604 747 Xll‚
629 708 716 741 sold.
742 707 827 741 Vll...
865 708 943 741 Item
969 708 1047 741 dedi
1077 709 1238 750 magistro
1274 707 1478 741 Dominicho
1503 717 1564 750 pro
1588 709 1750 750 operibus
1774 717 1837 742 sex
1861 708 1960 741 factis
1986 708 2028 742 ad

159 758 189 811 ἶ,
208 771 337 807 dictum
361 770 540 813 pulpitum,
564 770 679 804 dando
703 779 766 812 pro
789 780 892 813 opere
916 770 1003 804 sold.
1028 770 1113 810 XVl,
1137 779 1269 804 summa
1294 770 1442 813 estlibr.
1469 770 1527 810 llll,
1552 771 1639 804 sold.
1665 770 1747 804 XVl.

1002 1023 1246 1064 LXXIV.

270 1133 548 1172 Disposizioni
583 1132 854 1163 testamentarie
879 1132 915 1162 di
940 1133 1061 1163 Pietro
1086 1132 1228 1163 Fert-ari
1254 1141 1274 1162 a
1298 1133 1421 1163 favore
1446 1133 1482 1162 di
1507 1133 1596 1162 frate
1633 1132 1808 1169 Agostino
1831 1131 1974 1162 Ferrari
1999 1131 2036 1162 di

179 1186 253 1219 S
277 1186 465 1226 Agostino.

834 1283 990 1315 1384,
1021 1282 1303 1315 iebbraio‚
1334 1283 1426 1309 28·

773 1371 852 1397 (Aren.
868 1370 891 1393 dl
906 1370 983 1398 Stato.
998 1371 1087 1393 Milano
1102 1382 1128 1386 —
1143 1370 1250 1398 Pergam.
1266 1370 1288 1392 dl
1303 1370 1327 1393 S.
1343 1371 1475 1398 Agostino).

455 1610 460 1737 ἰ
485 1631 572 1668 Cum
596 1633 639 1666 de
663 1642 754 1666 anno
782 1632 877 1672 1376
905 1633 945 1665 14
969 1633 1062 1673 iunii,
1075 1641 1175 1666 suum
1200 1634 1389 1667 condiderit
1412 1635 1649 1667 testamentum
1674 1631 1795 1666 Petrus
1819 1633 1862 1666 de
1880 1633 2040 1667 Ferrariis

484 1696 518 1729 in
543 1705 613 1739 quo
638 1696 764 1739 legavit
788 1695 927 1729 domino
952 1695 1044 1729 fratri
1070 1695 1262 1739 Augustino
1286 1697 1329 1729 de
1354 1696 1516 1730 Ferrariis
1541 1695 1682 1729 Ordinis
1706 1696 1845 1729 fratrum
1864 1697 2041 1729 heremita-

144 1797 156 1808 ..
220 1768 292 1793 rum
317 1759 426 1794 sancti
451 1758 634 1802 Augustini
659 1759 702 1792 de
727 1757 836 1800 Papia
859 1760 893 1792 et
917 1758 1008 1792 fratri
1035 1758 1208 1792 Bernardo
1233 1759 1275 1792 de
1301 1759 1462 1792 Ferrariis
1486 1759 1578 1791 fratri
1597 1767 1661 1791 suo
1678 1757 1818 1791 Ordinis
1842 1757 2042 1792 Carmelita-

215 1829 294 1856 *rum
318 1822 361 1856 de
384 1821 525 1865 Papia..
551 1821 799 1855 usumfructum
824 1830 885 1864 pro
911 1821 1090 1854 medietate
1116 1821 1289 1855 societatis
1314 1830 1416 1864 quam
1441 1821 1555 1854 dictus
1579 1820 1699 1854 Petrus
1725 1821 1825 1854 habet
1862 1830 1937 1853 cum
1973 1820 2040 1855 Ro-

135 1874 199 1936 -ἶῖᾎ
221 1882 323 1919 lando
346 1884 389 1918 de
413 1883 570 1918 Girardis
593 1886 627 1917 et
651 1882 802 1926 Georgio
826 1884 869 1917 de
893 1882 1112 1926 Guargualiis
1137 1884 1181 1917 ad
1217 1884 1486 1917 mercadanciam
1522 1884 1681 1923 fiendam,
1705 1884 1739 1916 in
1775 1893 1843 1925 qua
1879 1883 2043 1916 societate

131 1936 197 1990 {tes
219 1946 332 1981 dictus
355 1945 478 1981 Petrus
503 1947 605 1980 habet
627 1947 776 1980 florenos
801 1947 983 1980 ducentum
1008 1947 1080 1980 auri
1105 1948 1138 1980 et
1162 1946 1261 1988 plus:
1288 1946 1366 1980 ltem
1404 1946 1649 1980 usumfructum
1685 1946 1824 1979 alterius
1859 1947 2043 1985 societatis,

220 2015 322 2052 quarn
347 2010 449 2043 habet
472 2019 550 2043 cum
575 2009 709 2043 lacomo
734 2011 766 2043 et
792 2009 970 2052 Tomayno
993 2009 1154 2042 fratribus
1178 2009 1220 2042 de
1246 2008 1465 2052 Guargualiis
1482 2009 1525 2041 ad
1544 2009 1812 2042 mercadanciam
1837 2009 1984 2042 fiendam
2009 2010 2042 2041 et

139 2069 147 2086 ”
221 2072 255 2107 in
279 2081 378 2115 qua...
405 2073 507 2106 habet
541 2073 584 2106 de
620 2081 683 2106 suo
716 2072 854 2114 proprio
890 2072 1026 2114 capitali
1062 2072 1209 2105 florenos
1246 2072 1449 2105 ducentum:
1476 2072 1642 2104 mandans
1667 2073 1700 2104 et
1723 2071 1913 2113 disponens
1949 2071 2041 2113 quod

221 2135 286 2178 ipsi
311 2135 432 2169 fratres
456 2135 670 2179 Augustinus
694 2137 727 2169 et
751 2135 853 2169 frater
878 2134 1104 2168 Bernardus...
1130 2135 1277 2168 debeant
1301 2135 1457 2168 ordinare
1483 2143 1584 2167 unam
1603 2132 1777 2176 Capellam
1803 2143 1865 2176 pro
1888 2134 2041 2176 quolibet

220 2197 372 2241 ipsorum
407 2198 440 2231 in
477 2207 542 2232 suo
577 2197 706 2232 Ordine
741 2199 882 2238 tantum,
907 2198 1003 2231 aliter
1026 2198 1106 2242 dicti
1133 2197 1261 2230 denarii
1287 2197 1487 2239 perveniant
1512 2197 1544 2229 in
1571 2197 1681 2230 dictos
1719 2197 1856 2229 ordines
1893 2198 1925 2229 et
1961 2205 2044 2229 con-

124 2247 169 2301 {fif
199 2262 344 2295 ·ventus
367 2261 539 2303 ipsorum,
563 2262 622 2303 qui
646 2262 825 2294 teneantur
847 2262 959 2294 tamen
984 2260 1095 2293 dictas
1120 2259 1270 2302 capellas
1294 2260 1466 2293 ordinare:

311 2323 390 2357 ltem
414 2332 519 2366 quum
545 2323 694 2366 legasset
717 2318 846 2356 eisdem
863 2323 1025 2356 fratribus
1042 2323 1142 2355 etiam
1160 2322 1264 2355 libras
1289 2323 1576 2365 quinquecentum
1602 2322 1787 2364 papienses
1819 2321 2044 2363 implicandas

222 2385 256 2419 in
280 2385 406 2419 fondos
431 2386 463 2419 in
489 2385 666 2420 utilitatem
702 2387 735 2419 et
771 2385 952 2419 comodum
988 2385 1195 2427 capellarum
1221 2385 1447 2426 predictarum
1473 2386 1504 2417 et
1529 2384 1742 2417 dotacionem
1768 2384 1936 2425 ipsarum:
1963 2383 2042 2416 ltem

221 2455 327 2490 quum
351 2447 501 2491 legasset
524 2448 598 2481 sine
623 2448 738 2490 aliqua
762 2448 965 2481 condicione
1001 2447 1102 2494 dictis
1128 2446 1298 2496 *fra-tribus
1333 2447 1506 2480 annuatim
1543 2455 1643 2479 unam
1674 2446 1874 2479 becondiam
1900 2446 1969 2478 vini
1994 2445 2045 2478 vi-

222 2518 360 2544 nearum
383 2511 491 2544 clausi
517 2510 649 2544 illorum
673 2510 716 2544 de
742 2509 902 2543 Ferrariis
926 2510 968 2543 de
993 2494 1116 2543 Sancta
1142 2497 1268 2549 lulle‘ta,
1300 2511 1450 2551 tempore
1475 2509 1571 2550 pacis
1592 2509 1731 2541 tantum:
1758 2507 1797 2540 Et
1822 2508 1905 2541 haec
1930 2508 2044 2541 omnia

127 2587 162 2619 Δ>ς
221 2575 323 2616 paeto
346 2575 379 2607 et
402 2573 596 2607 conditione
620 2573 712 2615 quod
738 2582 798 2615 per
821 2573 934 2606 dictos
956 2572 1078 2606 fratres
1114 2581 1180 2605 non
1213 2572 1472 2606 molestarentur
1495 2580 1556 2604 seu
1582 2571 1624 2604 ad
1650 2571 1810 2603 iudicium
1835 2571 2044 2604 traherentur

54 2679 66 2686 .
129 2634 132 2639 “
153 2624 165 2642 r
224 2635 367 2670 heredes
401 2636 481 2670 dicti
517 2637 701 2676 testatoris,
726 2644 832 2669 causa
868 2635 1064 2669 hereditatis
1099 2635 1173 2668 sive
1197 2635 1371 2677 porcionis
1396 2634 1595 2667 hereditarie
1621 2633 1792 2675 quondam
1818 2631 1977 2675 Symonis
2002 2633 2044 2666 de

143 2745 147 2747 -
224 2696 396 2739 Ferrariis,
421 2698 534 2732 fratris
569 2699 736 2732 dictorum
772 2689 911 2732 fratrum
948 2697 1129 2740 Augustini
1155 2699 1188 2730 et
1212 2696 1384 2736 Bernardi,
1422 2696 1652 2729 renunciando
1676 2704 1841 2737 expresse
1865 2696 1955 2728 omni
1981 2696 2043 2728 iuri

139 2750 153 2798 ³3}
223 2761 317 2803 quod
341 2761 392 2795 eis
415 2763 622 2808 competeret
645 2762 679 2794 in
703 2761 829 2795 dictam
854 2761 1090 2794 hereditariam
1116 2760 1326 2802 porcionem:

139 2863 145 2871 ,Ἰ
313 2819 399 2857 Hinc
423 2825 477 2858 est
499 2809 592 2866 quod
617 2823 722 2866 aliqui
748 2823 891 2856 heredes
915 2823 995 2856 dicti
1021 2821 1121 2862 Petri,
1146 2821 1302 2855 volentes
1326 2829 1533 2863 cognoscere
1563 2820 1770 2854 voluntatem
1795 2821 1905 2862 ipsius
1930 2820 2043 2854 fratris

224 2883 405 2928 Augustini
429 2882 602 2920 dimittunt
623 2886 654 2920 ei
678 2886 812 2928 copiam
847 2886 1155 2928 suprascriptorum
1191 2883 1426 2926 capitulorum,
1463 2884 1617 2925 petentes
1653 2891 1855 2925 responsum
1880 2883 1924 2916 ab
1948 2892 1988 2916 eo
2013 2885 2045 2916 et

141 2943 158 2969 ³
225 2942 395 2991 Capitulo
407 2949 440 2982 in
466 2944 602 2984 mense.v
617 2945 838 2982 Presentibus
863 2948 964 2981 fratre
988 2947 1122 2981 lacomo
1138 2947 1181 2979 de
1197 2945 1366 2980 Cremona
1383 2946 1494 2988 priore
1511 2946 1590 2979 dicti
1615 2943 1765 2986 Ordinis,
1782 2945 1883 2979 fratre
1900 2943 2044 2980 Comino

225 3009 270 3044 de
293 3009 460 3046 Cremona
484 3013 517 3046 et
540 3011 641 3046 fratre
672 3011 845 3045 Bernardo
870 3010 1115 3053 suprascripto.

313 3073 493 3108 Notarius:
519 3073 723 3108 Guillelmus
746 3074 790 3108 de
815 3073 1047 3108 Tachonibus.

143 1607 451 1736 Ι
284 1557 408 1677 H
455 1573 539 1607 ΙΟΒΑ
563 1580 672 1610 mane,
697 1571 730 1603 in
755 1569 916 1612 Capitulo
955 1569 1095 1604 Ordinis
1121 1569 1154 1603 S.
1179 1570 1372 1613 Augustini,
1398 1571 1512 1612 posito
1538 1570 1570 1602 in
1595 1569 1744 1603 claustro
1768 1569 1857 1602 dicte
1882 1569 2037 1603 ecclesie.
