2496 3600
1981 242 2043 275 103

1037 472 1227 514 XLIX.

305 582 328 613 -1
350 581 521 614 canonici
544 581 712 619 Regelari
751 581 914 612 vendono
939 581 1010 619 agli
1034 581 1232 611 Eremitani
1267 590 1337 611 una
1373 586 1512 611 casetta
1547 591 1610 620 per
1631 582 1666 612 la
1691 583 1916 613 eostruzione
1953 584 2046 614 delle

347 635 460 667 euole.
930 639 934 642 '

876 730 1034 763 1368,
1061 736 1284 763 marzo,
1311 731 1389 757 19.

707 809 786 836 (Arch.
801 809 825 832 dl
839 809 917 837 Staio,
932 809 1021 832 Milano
1035 821 1062 824 —
1077 809 1182 837 Pergam.
1198 809 1221 832 di
1236 809 1260 832 S.
1276 810 1355 832 Pletro
1369 811 1392 832 in
1407 810 1455 833 ciel
1470 811 1555 838 d'oro).

297 997 415 1116 A
467 1013 547 1042 ΝΝΟ
570 1018 591 1042 a
615 1009 790 1041 nativitate
814 1007 952 1041 Domini
977 1007 1158 1041 millesimo
1182 1009 1422 1042 trecentesimo
1458 1010 1764 1052 quinquagessimo
1789 1013 1923 1050 octavo,
1961 1003 2049 1043 indi-¹

304 1072 311 1105 J
490 1072 603 1106 ctione
629 1071 820 1111 undecima,
845 1071 900 1104 die
925 1071 1003 1104 lune
1028 1072 1210 1104 decimono
1235 1072 1364 1104 mensis
1389 1072 1522 1111 Marcii,
1548 1073 1630 1105 hora
1655 1074 1745 1106 circa
1770 1075 1802 1106 et
1827 1083 1946 1115 parum
1971 1075 2049 1106 ante

254 1167 260 1169 Δ
296 1146 300 1151 ·
489 1145 625 1175 nonam,
650 1135 683 1167 in
708 1134 817 1176 Papia
840 1134 1001 1167 videlicet
1025 1135 1058 1167 in
1084 1134 1179 1167 Atrio
1219 1134 1366 1167 ecclesie
1403 1135 1510 1167 sancti
1548 1134 1637 1168 Petri
1664 1136 1696 1168 in
1722 1134 1807 1169 Celo
1837 1135 1950 1168 Aureo
1990 1145 2051 1178 pa-

225 1192 368 1243 piensis,
392 1198 524 1232 scilicet
548 1198 644 1230 iuxta
668 1199 800 1240 portam
825 1198 987 1230 maiorem
1013 1197 1124 1239 ipsIus
1148 1197 1306 1230 ecclesie.
1332 1195 1418 1230 Cum
1444 1198 1684 1230 sanctissimus
1709 1197 1810 1231 Pater
1834 1200 1866 1230 et
1890 1199 2050 1231 dominus

224 1256 384 1301 §palinus
408 1260 575 1294 Iohannes
599 1260 703 1302 digna
727 1259 792 1293 Dei
816 1260 1040 1302 providencia
1064 1261 1262 1293 sacrosante
1287 1269 1328 1292 ac
1353 1259 1558 1292 universalis
1586 1260 1732 1293 ecclesie
1765 1259 1859 1302 Papa
1883 1260 1983 1300 XXII,
2009 1261 2051 1293 de

170 1332 171 1335 ¹
226 1319 365 1370 &atrum
390 1331 529 1356 suorum
554 1322 731 1362 conscilio,
756 1323 955 1356 auctoritate
980 1322 1172 1364 apostolica
1196 1323 1374 1355 statuisset
1398 1323 1431 1355 et
1454 1309 1648 1355 ordinasset
1673 1323 1766 1364 quod
1783 1323 1903 1356 fratres
1921 1323 2050 1356 ordinis

221 1378 462 1432 &eremitarum
487 1385 596 1418 sancti
621 1384 803 1427 Augustini
829 1385 924 1418 iuxta
949 1384 1131 1418 ecclesiam
1157 1385 1353 1418 monasterii
1379 1383 1494 1418 Sancti
1520 1384 1609 1418 Petri
1635 1385 1798 1417 deberent
1822 1385 1943 1418 futuris
1968 1387 2052 1418 tem-

224 1432 370 1494 {letibus
394 1447 558 1488 habitare,
583 1449 616 1480 et
639 1447 779 1481 fratrum
804 1448 957 1489 ipsorum
982 1447 1211 1480 habitationes
1236 1448 1387 1480 construi
1413 1447 1577 1480 deberent
1601 1448 1634 1480 in
1659 1448 1762 1480 modo
1787 1448 1920 1480 decenti
1957 1449 2053 1480 iuxta

227 1495 410 1545 eeclesiam
434 1510 630 1543 monasterii
655 1510 828 1550 antedicti,
853 1510 1034 1552 ipsamque
1059 1511 1302 1544 habitationem
1327 1512 1360 1543 et
1384 1510 1517 1550 domos,
1543 1510 1770 1545 Refectorium
1811 1510 1942 1543 scilicet
1967 1510 2054 1543 Dor-

169 1576 172 1578 ’
228 1570 408 1615 gnitorium,
433 1570 638 1612 Claustrum,
663 1571 783 1606 Ortum
808 1565 885 1605 cum
910 1572 987 1606 aliis
1012 1572 1159 1606 officinis
1195 1573 1320 1605 debitis
1345 1574 1378 1606 et
1402 1573 1577 1606 consuetis
1613 1573 1708 1605 iuxta
1733 1582 1860 1605 morem
1885 1573 1965 1605 dicti
1992 1571 2056 1605 Or-

227 1633 323 1669 {dinis
346 1634 603 1675 Heremitarum,
640 1635 812 1676 iidemque
836 1634 956 1668 fratres
981 1635 1146 1668 deberent
1170 1635 1321 1668 construi
1350 1635 1462 1668 facere
1488 1635 1561 1668 suis
1586 1635 1793 1676 sumptibus;
1818 1637 1851 1668 et
1875 1635 1904 1668 si
1929 1635 2056 1667 fondus

227 1695 289 1735 *vel
310 1697 420 1731 solum
446 1697 503 1730 ubi
529 1697 611 1730 dicti
635 1696 756 1730 fratres
781 1697 964 1730 hedificare
989 1697 1115 1730 vellent
1139 1699 1232 1730 esset
1257 1697 1402 1730 Abbatis
1427 1699 1459 1730 et
1485 1695 1736 1730 Canonicorum
1755 1697 1835 1730 dicti
1854 1697 2055 1730 Monasterii

229 1749 341 1805 §ancti
364 1758 454 1792 Petri
479 1759 573 1792 illurn
598 1759 652 1792 vel
677 1759 760 1792 illud
786 1759 867 1792 dicti
891 1759 1013 1792 fratres
1037 1760 1235 1792 heremitani
1260 1769 1372 1792 emere
1397 1759 1560 1792 deberent
1586 1768 1649 1792 suo
1674 1760 1764 1792 iusto
1782 1760 1898 1801 precio
1923 1759 1966 1792 ab
1991 1760 2059 1792 eis-

227 1818 321 1862 dem,
344 1821 437 1864 quod
462 1821 491 1854 si
515 1821 601 1854 forte
626 1821 736 1855 abbas
760 1823 793 1854 et
817 1822 972 1854 canonici
998 1822 1159 1854 antedicti
1184 1822 1312 1854 dictum
1337 1821 1478 1855 tondum
1501 1830 1565 1854 seu
1590 1821 1702 1854 solum
1727 1831 1789 1863 pro
1814 1822 1904 1854 iusto
1941 1821 2058 1863 precio

170 1873 172 1876 ’
221 1872 360 1922 attollent
383 1883 532 1917 vendere
555 1883 717 1917 fratribus
742 1884 948 1924 memoratis,
973 1893 1035 1917 eos
1059 1884 1103 1917 ad
1128 1884 1162 1916 id
1187 1885 1372 1917 monitione
1397 1884 1566 1926 premissa
1598 1884 1749 1917 decernit
1782 1884 1871 1916 idem
1896 1884 2056 1916 dominus

219 1934 392 1995 &unimus
415 1945 576 1979 Pontifex
602 1955 664 1988 per
687 1955 866 1979 censuram
891 1945 1162 1979 ecclesiasticam
1198 1946 1457 1988 compellendos
1482 1955 1587 1988 super
1622 1946 1786 1988 predictis
1811 1955 1830 1978 a
1859 1946 2057 1978 reverendis

232 2006 273 2042 iit
290 2005 427 2042 Christo
450 2007 610 2042 Patribus
634 2007 857 2042 Terdonense
881 2010 915 2041 et
938 2007 1108 2050 Papiense
1134 2008 1317 2050 Episcopis
1334 2010 1367 2041 et
1384 2007 1635 2042 Archidiacono
1660 2007 1843 2051 Sygalonie
1862 2009 1894 2040 in
1912 2008 2059 2041 ecclesia

229 2066 468 2106 {Abreiianensi
501 2079 563 2112 per
595 2070 741 2103 eundem
766 2079 937 2104 summum
963 2069 1162 2103 Pontificem
1188 2071 1432 2104 executoribus
1458 2071 1641 2112 deputatis,
1666 2073 1729 2103 etc.
1755 2072 1855 2112 prout
1881 2071 1913 2102 in
1939 2070 2058 2103 litteris

226 2128 431 2175 apostolicis
455 2133 536 2166 dicti
561 2133 690 2166 domini
715 2132 875 2166 Iohannis
900 2131 1028 2166 Summi
1054 2132 1231 2166 Pontificis
1256 2134 1331 2166 eius
1355 2142 1437 2166 vera
1461 2133 1554 2166 bulla
1593 2133 1753 2175 pomblea
1790 2133 1938 2172 bullatis,
1975 2141 2060 2174 qua-

329 2194 512 2228 litterarum
536 2195 616 2228 data
640 2197 692 2228 est
715 2194 787 2228 XIII
812 2195 978 2229 kalendas
1002 2195 1192 2229 februarias
1220 2195 1444 2229 Pontificatus
1481 2196 1534 2229 sui
1571 2205 1660 2228 anno
1697 2195 1890 2235 undecimo,
1927 2196 1989 2228 hec
2026 2197 2059 2227 et

227 2255 299 2298 'alia
312 2255 447 2298 plenius
463 2258 687 2290 contInentur.
705 2255 862 2300 Cumque
879 2258 1086 2291 venerabilis
1103 2259 1154 2291 vir
1170 2259 1330 2292 dominus
1347 2258 1525 2291 Montinus
1542 2258 1584 2291 de
1602 2258 1780 2300 Butigellis
1797 2258 2059 2290 archidiaconus

256 2318 408 2360 aptensis
432 2328 494 2361 per
517 2320 839 2353 reverendissimum
865 2321 898 2352 in
923 2318 1061 2354 Christo
1085 2320 1220 2354 Patrem
1245 2322 1278 2354 et
1302 2321 1478 2354 dominum
1508 2321 1682 2353 dominum
1719 2319 1941 2352 Bertrandum
1978 2321 2057 2352 tunc

230 2379 455 2426 ,miseracione
479 2382 596 2415 divina
620 2381 744 2416 Sancte
769 2383 878 2416 Marie
903 2383 937 2416 in
962 2382 1091 2425 Aquiro
1116 2383 1298 2416 diaconum
1324 2382 1552 2423 Cardinalem,
1578 2382 1865 2415 Archidiaconum
1883 2381 2055 2424 Sigalonie

233 2441 269 2479 in¹
289 2443 380 2477 dicta
403 2444 551 2478 ecclesia
574 2445 813 2485 aurelianensi,
838 2447 1021 2479 executore
1047 2447 1082 2479 ut
1107 2446 1267 2488 superius
1291 2446 1482 2479 continetur
1506 2454 1611 2487 super
1634 2445 1794 2477 omnibus
1812 2446 1844 2477 et
1861 2444 2005 2486 singulis
2023 2445 2056 2476 in

230 2504 334 2542 dictis
357 2506 476 2540 litteris
499 2507 705 2549 apostolicis
726 2508 996 2550 comprehensis,
1021 2509 1254 2542 subexecutor
1293 2509 1476 2542 insolidum
1513 2508 1719 2541 constitutus
1755 2509 1855 2549 prout
1880 2507 1912 2539 in
1938 2507 2057 2540 litteris

233 2562 315 2602 dieti
338 2569 466 2602 domini
491 2569 668 2603 Bertrandi
701 2570 886 2603 cardinalis
910 2572 943 2604 et
966 2571 1162 2604 executoris
1197 2571 1341 2613 predicti
1367 2571 1441 2604 eius
1466 2570 1568 2613 sigilli
1606 2570 1789 2602 munimine
1822 2569 1990 2602 roboratis
2026 2571 2059 2602 et

232 2629 380 2670 medactIs
403 2631 437 2664 in
462 2632 636 2674 publicam
659 2632 801 2666 formam
826 2641 888 2675 per
911 2632 1075 2666 Iustinum
1099 2633 1205 2666 filium
1231 2633 1373 2666 Poncini
1398 2634 1441 2666 de
1466 2633 1619 2666 Piscario
1655 2632 1855 2674 pubblicum
1892 2631 2057 2673 imperiali

230 2693 431 2728 >auctoritate
454 2694 634 2735 notarium,
658 2679 838 2728 millesimo
862 2695 1093 2728 tricentesimo
1117 2696 1285 2738 vigesimo
1310 2696 1467 2737 septimo,
1492 2695 1663 2728 indicione
1681 2695 1824 2734 decima,
1841 2694 1896 2727 die
1910 2693 2060 2727 decima—

233 2762 323 2790 nona
345 2757 473 2790 mensis
498 2756 732 2797 lunii,dicitur
754 2757 931 2798 contineri,
955 2758 1110 2791 dedisset
1135 2758 1321 2791 venerabili
1347 2758 1420 2791 viro
1444 2758 1583 2790 domino
1607 2757 1699 2790 fratri
1726 2756 1850 2790 Iacobo
1875 2756 2000 2789 Abbati
2026 2758 2059 2790 et

233 2818 366 2852 cunctis
390 2816 576 2852 Canonicis
600 2819 682 2853 dicti
707 2819 908 2853 Monasterii
933 2818 1049 2854 Sancti
1074 2819 1164 2853 Petri
1190 2820 1223 2853 in
1249 2820 1323 2853 celo
1348 2829 1451 2853 aureo
1475 2819 1653 2861 papiensis
1678 2828 1739 2861 per
1763 2827 1845 2852 suas
1871 2819 1999 2852 litteras
2024 2819 2057 2851 in

237 2878 416 2921 mandatis,
439 2883 610 2924 quatenus
634 2882 715 2915 dicti
733 2882 894 2916 dominus
910 2881 1030 2916 Abbas
1047 2884 1080 2916 et
1097 2881 1262 2916 Canonici
1288 2882 1452 2916 deberent
1480 2882 1545 2915 sub
1574 2882 1940 2915 excommunicationis
1968 2890 2058 2923 pena

230 2942 268 2975 et
289 2941 375 2976 infra
397 2945 526 2977 certum
549 2945 729 2978 terminum
754 2944 954 2978 vendidisse
979 2946 1012 2978 et
1035 2945 1243 2978 traddidISSe
1267 2944 1374 2978 Priori
1400 2946 1433 2978 et
1457 2944 1631 2978 Fratribus
1655 2942 1856 2978 Conventus
1880 2944 2058 2986 papiensis

233 3001 315 3037 dicti
337 3002 477 3039 Ordinis
501 3005 746 3040 Heremitarum
771 3007 880 3040 sancti
905 3006 1086 3049 Augustini
1111 3007 1250 3040 brachia
1274 3007 1426 3048 quinque
1450 3015 1494 3040 ex
1519 3006 1576 3040 illa
1599 3007 1702 3039 domo
1727 3015 1788 3039 seu
1813 3005 1947 3039 caxella
1982 3006 2058 3039 solo

232 3065 269 3100 ‘et
288 3063 393 3101 fondo
416 3067 521 3111 super
542 3077 612 3111 quo
635 3069 728 3103 dieta
750 3069 875 3103 domus
899 3078 960 3103 seu
986 3068 1118 3103 caxella
1141 3069 1282 3102 fondata
1305 3070 1368 3110 est,
1392 3077 1430 3103 se
1454 3069 1610 3102 tenencia
1634 3068 1796 3102 cumillis
1813 3069 1962 3102 brachiis
1979 3070 2057 3102 octo
