2496 3600
2006 245 2050 279 85

283 392 285 394 >
317 369 353 404 ln
376 369 494 413 primis
517 369 721 410 additiones,
745 369 997 404 moderationes
1021 372 1055 404 et
1078 370 1327 404 declarationes
1362 372 1452 405 circa
1484 372 1744 406 constitutiones
1769 375 1801 406 et
1830 374 2051 409 diffinitiones

229 441 292 484 seu
314 431 546 466 ordinationes
569 430 710 465 Ordinis
733 440 795 474 per
818 432 985 474 prefatum
1011 434 1140 475 patrem
1165 435 1318 467 nostrum
1343 434 1541 476 magistrum
1577 434 1743 468 Thomam
1777 436 1922 477 priorem
1948 446 2052 479 gene-

230 494 332 529 ralem
356 502 400 528 ex
424 494 666 527 commissione
690 494 756 527 sibi
780 493 881 534 facta,
906 495 1028 528 virtute
1064 495 1203 537 capituli
1240 496 1409 538 generalis
1444 497 1600 538 proxime
1626 498 1763 539 parisiis
1787 498 1948 531 celebrati
1973 509 2050 541 pre-

230 566 366 608 scripta,
389 564 538 607 prefatas
562 565 799 602 costitutiones
823 565 944 605 editas,
969 567 1167 599 auctoritate
1193 567 1362 609 presentis
1397 567 1590 600 diffinitorii·
1618 568 1852 610 approbamus
1876 571 1909 602 et
1933 570 2055 602 confir-

127 631 178 677 ‘2:ss
231 637 376 667 mamus;
400 627 566 661 addentes
589 629 702 660 tamen
727 627 820 669 quod
845 637 975 668 omnes,
1001 629 1059 670 qui
1084 628 1208 662 fuerint
1239 629 1371 671 priores
1407 629 1648 671 provinciales,
1673 639 1693 663 a
1718 631 1868 672 capitulo
1904 632 2053 673 generali

192 709 194 711 >
233 689 276 724 de
298 689 534 732 montepesulo
559 689 730 722 celebrato
756 699 865 731 usque
891 691 924 722 in
949 692 1141 732 presentem
1178 691 1279 731 diem,
1304 691 1346 724 de
1372 694 1486 724 cetero
1511 701 1631 725 vocem
1668 693 1815 726 habeant
1850 695 2051 735 perpetuam

231 754 265 786 in
288 751 446 794 capitulis
470 751 739 793 provincialibus
763 761 878 785 earum
903 753 1147 794 provintiarum
1166 753 1199 786 in
1217 753 1343 795 quibus
1368 754 1614 787 conventuales
1639 763 1700 788 eos
1724 764 1802 788 esse
1828 756 2039 798 contingerit.

318 814 399 848 ltem
423 815 562 856 propter
585 814 699 847 varias
723 823 848 848 causas
872 817 1090 848 occurrentes
1115 815 1157 848 de
1182 815 1328 858 singulis
1364 816 1562 858 provinciis,
1599 817 1797 850 ordinamus
1830 818 1923 859 quod
1949 827 2055 860 quae-

231 868 505 919 ltbetprovintia
529 874 669 909 Ordinis
705 876 830 909 debeat
865 885 968 909 unum
1006 877 1133 910 bonum
1170 877 1305 911 fratrem
1331 878 1461 912 mittere
1486 879 1529 912 ad
1555 880 1760 912 conventum
1785 880 2055 920 avin10nensem,

232 939 289 982 qui
313 939 379 972 stet
402 938 448 971 ibi
473 938 743 971 conventualiter
767 940 800 971 et
823 939 982 972 tractabit
1005 948 1130 972 causas
1156 940 1198 972 de
1223 948 1287 973 sua
1311 940 1482 982 provintia
1514 942 1745 974 occurrentes.
1772 941 1812 974 Et
1837 951 1942 983 quum
1979 944 2056 975 actu

231 1009 369 1034 causam
394 1000 549 1033 habuerit
572 1000 650 1034 talis
674 1000 786 1040 frater,
811 1010 872 1042 per
896 1001 1111 1034 obedientias
1137 1002 1169 1034 in
1195 1002 1422 1035 conductione
1447 1005 1480 1035 et
1505 1004 1749 1045 prosequtione
1774 997 1900 1037 causae
1926 1005 2056 1037 incum-

233 1063 355 1103 bentis,
391 1071 458 1095 non
494 1062 618 1095 debeat
655 1063 822 1104 impediri,
847 1072 909 1096 nec
935 1064 1045 1105 possit
1081 1063 1182 1097 frater
1206 1064 1284 1097 talis
1309 1073 1328 1097 a
1354 1065 1507 1106 predicto
1544 1067 1724 1105 cenventu,
1749 1066 1814 1098 nisi
1840 1075 1901 1108 per
1925 1068 2055 1108 patrem

233 1127 383 1160 nostrum
407 1125 611 1167 generalem,
635 1134 696 1167 per
719 1125 867 1167 aliquem
893 1126 1055 1158 revocari.
1082 1125 1110 1158 A
1136 1126 1289 1167 predicta
1313 1127 1521 1169 obligatione
1540 1128 1692 1160 mittendi
1711 1128 1905 1161 huiusmodi
1938 1129 2059 1162 fratres

233 1187 426 1230 excipimus
450 1186 723 1228 Neapolitanam,
749 1186 884 1220 Siciliae
909 1189 942 1220 et
966 1189 1073 1221 terrae
1099 1190 1237 1221 sanctae
1263 1189 1470 1230 provincias.

323 1249 402 1282 Item
427 1249 662 1282 diffinitionem
698 1249 820 1282 factam
856 1248 1009 1289 Parisiis,
1034 1250 1076 1283 de
1101 1250 1265 1283 doctrinis
1290 1251 1479 1292 peregrinis
1504 1261 1570 1284 non
1596 1252 1780 1291 sectandis,
1814 1254 2058 1294 approbamus,

235 1314 269 1346 et
290 1313 326 1344 ut
350 1312 426 1353 ipsa
450 1311 571 1344 melius
596 1311 808 1351 observetur,
833 1311 1037 1345 mandamus
1061 1312 1222 1345 omnibus
1247 1314 1279 1345 et
1304 1313 1450 1354 singulis
1474 1313 1634 1346 fratribus
1672 1315 1776 1347 nostri
1810 1315 1951 1355 ordinis,
1976 1325 2062 1357 qua—

235 1375 334 1408 tenus
350 1373 534 1406 nullimode
551 1375 665 1406 tenere
682 1374 831 1407 audeant
847 1373 995 1416 Loycam
1013 1373 1163 1407 Hoccam
1180 1371 1232 1415 (1)
1246 1374 1300 1417 vel
1319 1375 1447 1416 aliquid
1466 1375 1558 1408 aliud
1576 1385 1665 1417 opus
1683 1376 1757 1409 eius
1775 1377 1922 1417 studere,
1937 1378 2061 1410 docere

236 1435 289 1470 vel
306 1436 629 1477 quomodocumque
647 1435 769 1468 sectari
787 1437 845 1468 aut
862 1435 947 1468 alias
964 1435 1094 1469 similes
1111 1436 1284 1469 doctrinas
1303 1437 1415 1469 varias
1432 1439 1465 1470 et
1482 1438 1680 1480 peregrinas
1694 1440 1726 1471 et
1745 1438 1880 1471 inutiles
1898 1439 2063 1472 doctrinis

235 1498 433 1541 approbatis
458 1497 685 1531 veridicorum
710 1498 888 1530 doctorum
913 1507 980 1530 non
1006 1498 1260 1531 convenientes.
1287 1498 1463 1531 Addentes
1488 1499 1581 1540 quod
1607 1509 1726 1532 omnes
1752 1500 1914 1542 magistri,
1940 1501 2064 1534 bacca-

238 1559 342 1593 laurei
373 1561 406 1592 et
438 1559 583 1592 lectores
618 1559 828 1601 principales
852 1560 885 1592 in
922 1559 1046 1592 studiis
1081 1560 1310 1602 generalibus,
1347 1560 1492 1602 singulis
1528 1561 1627 1594 annis
1662 1563 1840 1595 teneantur
1876 1564 1996 1604 quater
2028 1563 2060 1595 in

236 1630 325 1654 anno
349 1623 382 1654 et
406 1621 534 1663 pluries
559 1621 749 1654 secundum
774 1622 867 1663 quod
893 1622 943 1654 eis
980 1621 1151 1654 videbitur
1186 1622 1361 1663 expedire,
1397 1631 1458 1664 per
1493 1623 1695 1656 sententiam
1733 1624 2063 1657 excomunicationis

179 1729 182 1731 ‚
234 1692 335 1726 quam
359 1683 497 1725 quidem
522 1683 696 1716 ferendam
721 1684 851 1717 eisdem
876 1684 1045 1726 presentis
1081 1683 1293 1717 diffinitionis
1330 1685 1529 1718 auctoritate
1556 1685 1778 1718 concedimus
1804 1686 1836 1718 in
1862 1687 1925 1719 hac
1958 1689 2063 1728 parte,

234 1745 400 1788 inquirere
425 1746 454 1779 si
479 1746 537 1787 qui
562 1746 629 1778 sint
653 1746 755 1779 huius
780 1746 928 1779 mandati
953 1747 1236 1788 transgressores,
1262 1748 1294 1779 et
1319 1755 1465 1788 poenam
1483 1747 1613 1780 eisdem
1632 1747 1894 1781 diffinitionibus
1912 1749 2062 1791 infligere

233 1806 286 1847 iis,
309 1815 398 1849 quos
423 1816 500 1841 reos
525 1807 700 1840 inveniant
725 1807 759 1840 in
784 1808 975 1849 premissis.

321 1860 402 1903 Item
427 1870 669 1903 committimus
693 1870 780 1911 patri
820 1871 937 1903 nostro
972 1853 1122 1912 generali
1148 1871 1184 1903 ut
1210 1870 1243 1902 in
1268 1847 1496 1903 conventibus
1521 1871 1554 1903 in
1580 1871 1706 1913 quibus
1731 1872 1824 1913 prior
1847 1872 1971 1905 debeat
2004 1881 2065 1914 per

234 1933 432 1967 electionem
456 1932 585 1966 assumi
610 1932 721 1974 possit
746 1941 937 1974 proponere
962 1932 1108 1974 priorem
1134 1932 1166 1964 in
1192 1941 1275 1965 casu
1301 1942 1370 1974 quo
1395 1942 1457 1975 pro
1482 1933 1632 1966 vitandis
1671 1933 1930 1967 difficultatibus
1955 1936 1988 1967 et
2012 1935 2064 1967 di-

238 1995 383 2029 scordiis
407 1995 473 2028 sibi
498 1995 670 2028 videbitur
693 1996 936 2036 opportunum.

323 2057 401 2091 ltem
426 2057 613 2090 diffinimus
637 2057 730 2099 quod
756 2055 848 2090 Socii
873 2056 1042 2099 generalis
1067 2057 1190 2098 prioris
1215 2066 1283 2090 non
1308 2057 1479 2099 accipiant
1511 2057 1742 2091 calceamenta
1766 2060 1799 2091 et
1823 2058 2019 2092 fulcimenta
2044 2068 2064 2092 a

237 2119 473 2159 conventibus,
498 2120 563 2152 nisi
588 2119 630 2152 de
655 2118 797 2161 speciali
823 2119 991 2152 sententia
1015 2120 1048 2152 et
1073 2119 1179 2152 verbo
1204 2120 1435 2161 procuratoris
1448 2120 1603 2153 eiusdem
1618 2120 1740 2162 prioris
1758 2121 1864 2154 nostri
1883 2121 2063 2163 generalis.

241 2277 263 2300 13
276 2283 320 2300 sua
333 2277 444 2305 sapienza
458 2283 471 2299 e
485 2283 529 2300 con
544 2277 566 2299 la
580 2277 628 2299 vita
652 2277 793 2304 specchiata.
816 2276 889 2299 Come
909 2276 1028 2304 studente,
1052 2282 1118 2298 come

242 2321 382 2349 professore,
397 2327 463 2344 come
477 2321 586 2344 scrittore
607 2321 717 2348 acquisto
740 2320 828 2348 grande
851 2321 986 2343 tinomanza
1010 2326 1093 2348 presso
1116 2321 1123 2342 i

241 2366 438 2394 contemporanei,
453 2371 466 2388 e
479 2366 553 2388 anche
567 2365 621 2393 oggi
636 2365 651 2387 il
665 2371 710 2388 suo
724 2371 793 2388 nome
807 2365 820 2388 e
835 2364 953 2388 ricordato
966 2364 1016 2392 icon
1035 2365 1122 2392 grande

242 2416 321 2434 onore.
337 2410 381 2434 Per
394 2410 471 2433 dodici
486 2410 539 2433 anni
555 2415 619 2432 resse
634 2415 700 2432 come
715 2409 828 2432 Generale
841 2409 946 2432 l’Ordlne
964 2409 1121 2437 agostiniano,

243 2455 342 2478 “undo
356 2456 421 2478 stato
435 2455 508 2478 eletto
522 2455 544 2477 la
559 2455 633 2482 prima
647 2454 712 2477 volta
726 2460 740 2476 a
756 2454 841 2482 Parigi,
861 2454 900 2481 pol
914 2459 929 2476 a
943 2453 1023 2481 Pana,
1045 2460 1059 2476 a
1081 2453 1125 2476 Ba-

243 2499 308 2527 silea.
322 2504 336 2522 a
351 2499 457 2527 Perugia.
474 2499 573 2526 L’opera
587 2504 631 2521 sua
645 2498 665 2520 sl
680 2498 769 2525 esplico
789 2498 956 2526 specialrnente
977 2498 1014 2520 nel
1035 2498 1125 2525 miglio-

242 2549 294 2566 rare
307 2544 329 2566 le
342 2544 402 2571 leggi
417 2543 590 2566 costituzionali
605 2549 617 2564 e
632 2543 668 2565 nel
693 2543 841 2570 promulgare
862 2543 920 2564 varii
944 2542 1061 2565 utilissimi
1085 2542 1124 2564 de-

243 2588 300 2611 cretl
314 2594 355 2616 per
368 2588 391 2610 la
405 2588 526 2615 disciplina
542 2587 691 2610 dell'Ordine.
708 2587 741 2609 Fu
755 2587 922 2614 grandemente
935 2588 1081 2614 apprezzato
1095 2586 1126 2609 da

243 2631 312 2656 carlo
325 2633 362 2655 lv.
378 2632 444 2655 Delia
458 2638 502 2654 sua
516 2631 620 2654 dottrina
635 2632 764 2654 Francesco
778 2630 879 2653 Macedo
894 2631 980 2653 scrisse
1000 2631 1044 2653 che
1058 2638 1070 2649 «
1084 2637 1126 2653 αιι-

213 2664 214 2667 *
245 2682 299 2700 reus
312 2677 351 2699 hic
373 2676 457 2699 doctor
477 2678 616 2704 argenteam
638 2681 706 2698 suam
727 2676 863 2698 doctrinam
884 2675 976 2698 Aurem
996 2675 1124 2703 Augustini

245 2721 371 2744 sententiis
385 2721 506 2744 inauravit
520 2729 539 2743 νο.
556 2721 588 2743 Lo
603 2720 748 2742 schunleben
771 2719 868 2742 affermo
883 2719 965 2747 ch'egli
980 2719 1004 2741 iu
1019 2719 1034 2741 il
1049 2719 1125 2751 primo

244 2764 279 2788 fra
292 2765 300 2788 i
313 2765 400 2793 teologl
414 2765 468 2788 dell·
479 2764 612 2788 Universita
626 2764 650 2787 di
664 2765 752 2787 Vienna
773 2764 816 2786 che
837 2769 1000 2791 propugnasse
1015 2763 1037 2786 la
1051 2763 1125 2786 verita

245 2809 448 2832 dell'lmmacolata
467 2809 621 2832 Concezione.
643 2808 704 2831 Mori
719 2808 756 2830 nel
772 2808 823 2830 1357
837 2813 851 2830 a
865 2808 963 2832 Vienna.
985 2807 1043 2830 Vedi
1066 2808 1126 2830 LAN-

245 2857 310 2882 Tm.
324 2854 370 2877 vol.
387 2855 406 2876 1.
421 2859 474 2882 pag.
489 2854 537 2881 ³52;
552 2859 565 2876 e
579 2854 594 2876 11
609 2853 662 2876 doc.
677 2859 699 2875 n.
715 2853 806 2875 xxxnl
820 2852 866 2874 alla
881 2853 936 2875 nota
960 2852 996 2874 sul
1018 2852 1044 2874 B.
1060 2851 1126 2875 Glor-

245 2898 307 2922 dano
321 2898 351 2922 da
364 2898 483 2922 sas-onia.

297 2941 329 2970 (1)
342 2942 431 2969 Questa
445 2942 590 2970 proibizione
604 2942 664 2964 delle
678 2947 750 2969 opere
764 2941 787 2963 di
802 2940 896 2968 Occam,
907 2940 1055 2968 promulgata
1065 2940 1126 2962 dana

246 2986 327 3009 tuniba
340 2985 363 3009 di
377 2986 499 3014 Agostino,
514 2986 528 3008 ὲ
541 2992 572 3008 un
587 2985 695 3013 episodlo
709 2985 920 3012 importantissimo
934 2984 956 3006 di
972 2984 1050 3011 quella
1065 2984 1126 3006 lotia

247 3029 271 3052 dl
283 3029 335 3053 ldee
348 3030 458 3059 agitatur
472 3030 509 3053 sin
523 3030 585 3053 dalla
598 3030 673 3057 prima
692 3029 811 3052 ribeillone
825 3029 848 3051 di
865 3028 982 3051 Lodovlco
996 3028 1012 3050 11
1027 3028 1127 3056 Bavaro,

247 3073 290 3097 elle
309 3075 332 3097 in
352 3075 430 3103 questi
450 3075 523 3102 tempi
538 3080 584 3097 non
598 3078 730 3097 aecennava
753 3079 839 3096 ancora
853 3078 867 3095 a
882 3078 976 3100 posare.
991 3071 1027 3095 011
1041 3072 1130 3100 agesti·

1173 2259 1236 2299 nianf
1249 2277 1269 2299 si
1284 2282 1355 2299 erano
1370 2277 1479 2299 schierati
1494 2278 1656 2304 apertamente
1671 2277 1694 2299 in
1708 2277 1783 2300 difesa
1803 2277 1970 2300 dell'autorita
1991 2284 2003 2300 e
2023 2278 2060 2300 dei

1178 2320 1251 2343 diritti
1266 2320 1303 2343 del
1318 2320 1422 2344 Romano
1437 2320 1565 2348 Pontefice;
1576 2327 1588 2343 e
1599 2321 1620 2343 la
1631 2321 1776 2348 proibizione
1791 2327 1881 2349 severa,
1896 2322 1938 2343 che
1953 2321 1999 2344 essi
2011 2327 2064 2348 pro—

1177 2365 1283 2387 clamano
1298 2365 1359 2392 degli
1381 2365 1456 2387 scritti
1471 2365 1494 2387 di
1509 2365 1640 2392 Guglielmo
1661 2365 1756 2391 Occam,
1781 2365 1881 2392 dipende
1904 2367 2011 2392 appunto
2033 2366 2062 2387 da

1176 2410 1262 2436 questo
1276 2409 1327 2431 loro
1341 2410 1450 2432 costante
1470 2410 1663 2436 atteggiamento;
1685 2410 1753 2432 tanto
1772 2409 1812 2436 pitu
1835 2409 1950 2436 lodevole,
1973 2411 2063 2436 quanto

1179 2453 1297 2481 maggiore
1311 2459 1352 2476 era
1365 2454 1388 2476 la
1403 2455 1504 2481 potenza
1519 2454 1542 2476 di
1564 2454 1663 2481 qualche
1683 2453 1744 2476 altro
1766 2453 1860 2481 Ordine,
1883 2454 2062 2481 appoggiantesi

1178 2497 1222 2520 alla
1237 2497 1302 2520 iorza
1318 2498 1379 2520 dello
1393 2498 1528 2520 scismatico
1543 2498 1684 2525 imperatore
1699 2498 1728 2520 ed
1742 2497 1788 2519 alla
1797 2498 1864 2520 facile
1874 2504 1931 2520 aura
1942 2498 2063 2525 populare.

1178 2542 1202 2564 ln
1216 2542 1355 2564 conformita
1369 2543 1414 2565 alle
1429 2543 1502 2565 teorie
1517 2542 1539 2564 di
1554 2542 1648 2569 Occam,
1664 2542 1782 2564 s'andava
1796 2542 1940 2569 insegnando
1955 2542 1997 2565 che
2007 2542 2064 2564 l’im-

1180 2588 1289 2613 peratore
1303 2587 1333 2609 ha
1348 2587 1363 2608 il
1378 2587 1458 2608 diritto
1473 2587 1495 2608 di
1511 2586 1610 2613 deporre
1627 2587 1642 2608 il
1664 2586 1737 2614 Papa,
1748 2592 1774 2608 se
1785 2587 1862 2613 questi
1877 2586 1935 2609 cada
1945 2586 1969 2608 in
1979 2587 2062 2613 eresia;

1179 2637 1192 2652 e
1206 2631 1248 2653 che
1263 2636 1277 2653 a
1292 2631 1341 2658 pari
1357 2631 1394 2653 del
1409 2631 1473 2658 Papa
1489 2636 1593 2657 possono
1608 2636 1685 2652 errare
1704 2631 1777 2652 anche
1792 2631 1798 2652 i
1813 2630 1909 2653 Concilii
1929 2631 2063 2653 ecumenici.

1178 2675 1234 2697 Solo
1249 2675 1270 2697 la
1285 2681 1352 2697 sacra
1362 2674 1476 2697 Scrittura
1486 2681 1498 2696 e
1509 2675 1530 2696 la
1540 2674 1592 2697 fede
1607 2675 1667 2696 della
1682 2674 1774 2702 Chiesa,
1783 2680 1876 2701 sempre
1887 2680 1899 2697 e
1910 2675 2064 2702 dappertutto

1180 2718 1321 2746 professata,
1336 2719 1355 2740 si
1375 2718 1484 2740 debbono
1505 2719 1585 2740 tenere
1599 2718 1622 2740 in
1636 2719 1707 2740 conto
1722 2718 1744 2740 di
1759 2718 1903 2740 immutabile
1925 2724 2006 2741 norma
2027 2719 2064 2740 del

1180 2763 1274 2785 credere
1289 2768 1302 2785 e
1317 2762 1478 2789 dell'operare.
1495 2763 1511 2784 11
1526 2763 1627 2789 primato
1642 2768 1655 2784 e
1669 2763 1732 2784 tutte
1742 2762 1763 2784 le
1773 2763 1832 2784 altre
1847 2762 1977 2785 lstituzioni
1988 2769 2066 2790 gerar-

1179 2807 1259 2830 chlche
1273 2813 1319 2829 non
1334 2812 1393 2829 sono
1408 2807 1541 2834 necessarii,
1556 2807 1584 2828 ne
1599 2806 1721 2829 essenziali
1732 2806 1891 2829 ail'esistenza
1901 2807 1961 2829 della
1971 2807 2064 2835 chiesa,

1180 2851 1201 2874 le
1212 2852 1252 2874 cui
1267 2851 1349 2879 forme,
1364 2857 1430 2873 come
1445 2851 1601 2873 cosutuzione
1616 2851 1719 2878 politica,
1738 2856 1843 2878 possano
1866 2851 1918 2873 anzi
1940 2852 2063 2874 cambiarsi

1180 2901 1194 2917 a
1208 2894 1310 2917 seconda
1326 2894 1362 2917 dei
1378 2894 1489 2917 mutevoli
1504 2894 1594 2921 bisogni
1610 2894 1647 2916 del
1661 2896 1750 2922 tempo.
1766 2894 1824 2917 Vedl
1840 2895 1865 2918 1..
1881 2894 1991 2923 PASTOR,
2013 2895 2066 2918 Sio-

1181 2940 1219 2962 rla
1233 2939 1273 2962 det
1286 2939 1356 2966 Papi,
1370 2944 1418 2961 eec.
1440 2939 1536 2965 Trento,
1559 2938 1713 2967 Artigianelli,
1735 2939 1794 2967 1890,
1808 2939 1856 2962 vol.
1871 2939 1889 2967 l,
1903 2945 1958 2967 pag.
1979 2939 2014 2962 66.
2035 2939 2066 2962 O·

1180 2989 1259 3010 gnuno
1273 2983 1333 3005 vede
1348 2984 1436 3010 quanto
1451 2983 1533 3005 veleno
1547 2983 1567 3005 sl
1582 2983 1698 3010 contenga
1712 2983 1771 3005 nelle
1785 2983 1860 3006 teorie
1875 2983 2030 3011 dell‘Occam,
2052 2990 2064 3006 e

1182 3028 1272 3054 quanto
1286 3027 1366 3054 percio
1379 3028 1488 3049 tornasse
1502 3028 1636 3054 opportuna
1646 3027 1668 3050 la
1678 3027 1838 3055 disposizione
1849 3027 1887 3050 del
1898 3027 2007 3055 Capitolo
2022 3027 2067 3050 Ge·

1183 3071 1261 3094 nerale
1275 3076 1370 3099 pavese.
