2496 3600
1270 466 1499 508 XXXV.

560 576 701 606 statuto
724 576 782 607 del
807 576 964 607 Comune
989 576 1025 607 di
1049 575 1163 606 Pavia
1191 576 1419 614 rigum-dante
1453 576 1477 607 1'
1493 585 1608 607 annua
1643 577 1772 608 offerta
1795 577 1831 608 al
1855 577 2039 609 Conventa
2059 586 2124 617 per
2146 578 2183 609 la
2205 578 2335 611 fecta

469 629 507 660 di
532 630 568 660 S.
594 629 770 668 Agentino
793 627 856 672 (1).
2350 628 2366 636 ’“

1106 752 1263 785 1342,
1281 752 1603 786 dioembre‚
1621 753 1675 780 Β.

1064 838 1142 865 (Arch.
1157 839 1195 862 del
1209 839 1296 863 Museo
1311 839 1391 863 Civlco
1405 839 1429 863 dl
1444 839 1516 863 ania
1531 850 1557 856 —
1571 839 1648 864 Paeto
1661 841 1705 867 Β).

709 978 712 1040 Ι

542 1023 661 1140 A
710 1040 796 1069 *NNO
820 1045 839 1069 a
864 1036 1048 1070 Nativitate
1073 1035 1209 1070 Domini
1235 1037 1415 1071 millesimo
1439 1037 1670 1072 tricentesimo
1694 1038 1959 1082 quadragesimo
1997 1039 2162 1080 secundo,
2193 1029 2351 1093 indice&

738 1099 830 1132 tione
857 1099 1000 1139 decima,
1025 1100 1081 1133 die
1106 1100 1223 1133 martis
1247 1100 1346 1134 tertio
1371 1101 1500 1134 mensis
1524 1101 1728 1141 decembris,
1753 1101 1836 1135 hora
1861 1111 1971 1142 mane,
1996 1102 2029 1135 in
2053 1101 2186 1137 Palatio
2209 1088 2347 1151 novoss,·.'

710 1194 712 1197 ,
739 1160 905 1195 Comunis
930 1161 1047 1204 Papie.
1073 1161 1241 1196 Dominus
1266 1162 1494 1197 Francischus
1519 1163 1562 1196 de
1586 1162 1727 1197 Zobolis
1755 1164 1932 1206 utriusque
1968 1164 2052 1198 iuris
2085 1165 2227 1208 peritus,

471 1223 584 1256 carius
609 1224 778 1266 generalis
803 1224 928 1258 nobilis
953 1225 1015 1257 viri
1041 1225 1168 1258 domini
1193 1224 1354 1268 Philipini
1380 1226 1423 1259 de
1447 1224 1554 1260 Sesso
1578 1225 1767 1260 honorandi
1792 1225 1977 1260 Potestatis
2001 1225 2119 1270 Papie,
2149 1218 2358 1272 precepit

471 1286 551 1318 mihi
577 1284 706 1319 Simoni
732 1285 833 1319 Petro
857 1287 989 1320 notario
1014 1286 1230 1329 infrascripto
1255 1289 1290 1320 ut
1314 1288 1556 1322 autenticarem
1580 1290 1614 1321 et
1637 1288 1671 1321 in
1694 1287 1837 1322 formam
1861 1289 1990 1331 publici
2015 1289 2228 1324 instrumenti
2250 1280 2327 1331 rei-{³

470 1347 621 1390 digerem
647 1348 898 1390 infrascriptum
923 1350 1085 1382 statutum
1119 1350 1292 1383 inventum
1318 1352 1351 1383 et
1374 1352 1564 1384 extractum
1588 1350 1631 1384 de
1656 1350 1743 1384 libro
1778 1349 1986 1385 Statutorum
2010 1351 2054 1385 ed
2077 1350 2329 1398 Ordinameiffl

469 1411 579 1442 torum
605 1408 771 1444 Comunis
796 1410 914 1453 Papie,
939 1411 1063 1444 lectum
1088 1414 1121 1445 et
1145 1412 1355 1454 publicatum
1381 1421 1486 1454 super
1510 1412 1658 1454 lapidem
1683 1413 1836 1446 altiorem
1865 1413 2014 1456 positum
2038 1414 2072 1447 in
2096 1412 2201 1448 Curia

472 1472 584 1505 munis
609 1471 726 1514 Papie,
753 1473 784 1505 in
810 1473 959 1516 generali
985 1474 1136 1516 arengho
1160 1472 1326 1508 Comunis
1351 1473 1469 1517 Papie,
1496 1483 1587 1508 anno
1604 1477 1758 1508 currente
1776 1474 1957 1509 millesimo
1972 1475 2243 1520 tricentesimoq

470 1534 664 1576 dragesimo
689 1535 854 1574 secundo,
879 1535 934 1568 die
960 1536 1049 1569 iovis
1074 1536 1241 1579 vigesimo
1266 1537 1375 1578 primo
1400 1537 1529 1571 mensis
1553 1537 1761 1577 novembris,
1778 1546 1840 1579 per
1855 1546 1908 1571 me
1925 1537 2177 1581 infrascriptum

471 1603 546 1629 nem
573 1595 709 1629 Petrum
735 1596 968 1630 Tiralarchum
994 1598 1160 1631 notarium
1186 1596 1352 1632 Comunis
1381 1598 1487 1641 Papie
1511 1599 1555 1632 ad
1580 1599 1734 1632 consilia.
1751 1597 1862 1633 Cuius
1879 1597 2001 1633 Statuti
2018 1602 2116 1634 tenor
2130 1599 2210 1635 talis

561 1657 640 1691 Item
665 1668 741 1692 cum
767 1659 810 1692 ad
836 1660 998 1693 honorem
1024 1660 1262 1702 gloriosissimi
1284 1661 1439 1695 doctoris
1463 1659 1578 1694 Sancti
1603 1660 1785 1704 Augustini
1809 1661 1946 1695 solitum
1970 1661 2211 1705 sit‘provideri

470 1718 624 1753 Comune
650 1719 756 1762 Papie
781 1721 824 1754 de
849 1730 950 1754 avere
975 1722 1056 1754 dicti
1081 1720 1249 1755 Comunis
1279 1712 1461 1756 conventui
1499 1722 1651 1756 Fratrum
1688 1723 1934 1757 Heremitarum
1969 1722 2084 1758 Sancti
2120 1723 2191 1763 Au

469 1780 629 1815 Civitatis
653 1781 770 1824 Papie,
796 1783 948 1825 quolibet
973 1793 1062 1817 anno
1087 1784 1130 1817 ad
1154 1784 1278 1817 testum
1305 1785 1393 1818 beati
1418 1783 1600 1828 Augustini
1625 1785 1668 1818 de
1693 1793 1810 1819 mense
1845 1785 2002 1828 Augusti,
2026 1786 2070 1820 ad
2109 1786 2207 1821 subsi

469 1853 699 1886 expensarum
725 1845 912 1878 fiendarum
938 1846 1005 1879 cibi
1031 1848 1063 1879 et
1087 1849 1190 1888 potus
1215 1849 1248 1880 et
1272 1847 1414 1880 aliorum
1439 1847 1637 1881 victualium
1661 1847 1822 1882 fratribus
1845 1848 2033 1882 foresteriis
2064 1848 2146 1883 dicti
2162 1847 2308 1895 Οκίἰιιῃι

470 1907 688 1940 venientibus
713 1907 756 1940 ad
782 1907 1032 1941 solemnitatem
1057 1908 1297 1942 celebrandam
1322 1909 1404 1943 dicti
1428 1909 1518 1950 festi,
1543 1909 1699 1943 volentes
1723 1918 1828 1952 super
1858 1910 2023 1952 predictis
2046 1910 2156 1954 legem
2189 1910 2347 1958 ἱππ

470 1969 674 2011 generalem,
700 1971 891 2003 statuerunt
915 1972 947 2003 et
972 1971 1215 2004 ordinaverunt
1239 1971 1332 2013 quod
1357 1971 1504 2015 singulis
1527 1972 1627 2005 annis
1650 1972 1694 2005 ad
1719 1972 1847 2006 dictum
1875 1972 2000 2006 festum
2035 1971 2151 2007 Sancti
2186 1963 2326 2030 Αυςι-ἶ,
2321 1965 2348 2011 ἑ

470 2031 549 2063 stini
575 2031 617 2064 de
643 2040 760 2065 mense
785 2031 931 2074 Augusti
957 2032 1085 2065 domini
1111 2033 1262 2075 quinque
1287 2032 1469 2076 Sapientes
1493 2036 1526 2068 et
1550 2032 1768 2068 Camararius
1804 2033 1971 2069 Comunis
2004 2033 2123 2078 Papie,
2147 2035 2207 2078 qui
2236 2038 2316 2119 μιῇ

469 2094 682 2135 temporibus
706 2094 840 2134 fuerint,
865 2096 1001 2136 possint
1017 2098 1050 2128 et
1067 2095 1202 2129 valeant
1227 2096 1308 2129 dare
1333 2098 1366 2129 et
1390 2096 1462 2130 dari
1486 2096 1599 2130 facere
1623 2097 1667 2130 de
1691 2097 1845 2139 quolibet
1868 2106 1970 2131 avere
1998 2095 2166 2132 Comanis
2196 2096 2263 2132 P·

471 2156 545 2189 sine
569 2156 684 2198 aliqua
709 2157 915 2198 detentione,
941 2159 1124 2191 conventui
1150 2159 1364 2192 dominorum
1390 2159 1541 2192 Fratrum
1566 2158 1682 2193 Sancti
1706 2159 1889 2203 Augustini
1921 2169 2032 2203 usque
2055 2160 2100 2194 ad
2135 2159 2342 2214 quantus

470 2219 538 2251 tem
564 2218 724 2252 librarum
750 2220 998 2262 quinquaginta
1023 2221 1251 2262 papiensium,
1276 2222 1476 2255 auctoritate
1500 2222 1671 2264 presentis
1687 2223 1815 2262 statuti,
1832 2222 1949 2265 aliquo
1964 2223 2058 2256 alio
2049 2232 2083 2256 m
2099 2222 2245 2259 contrari
2268 2234 2272 2252 ι
2284 2222 2338 2274 a}

472 2289 540 2313 non
566 2281 735 2314 obstante.
2314 2286 2322 2294 ’

563 2343 603 2376 Et
628 2343 706 2376 inde
731 2344 846 2377 dictus
870 2343 912 2377 D.
938 2344 1095 2378 Vicarius
1120 2346 1207 2378 hanc
1232 2347 1358 2378 cartam
1384 2346 1464 2378 mihi
1489 2346 1560 2380 fieri
1585 2346 1695 2380 iussit
1721 2345 1903 2380 Interfuere
1927 2347 2101 2381 Luchinus
2124 2346 2224 2391 Bugli
2271 2335 2342 2395 ι

473 2405 565 2438 filius
591 2405 720 2445 Ubertl,
745 2405 977 2440 Bernardinus
1002 2407 1045 2440 de
1070 2406 1260 2440 Advocatis
1282 2407 1374 2441 filius
1398 2407 1601 2441 Bertolarnei
1626 2410 1659 2442 et
1682 2408 1833 2442 Zaninus
1857 2409 1900 2442 de
1924 2408 2037 2443 Arena
2059 2409 2151 2444 filius
2174 2393 2331 2454 Τίωῇ”ξ
2337 2403 2347 2442 ἶ]

474 2468 552 2500 inde
578 2470 694 2501 testes.
721 2468 794 2511 Ego
819 2467 937 2502 Simon
962 2468 1085 2502 Petrus
1111 2469 1330 2503 Tiralarchus
1355 2470 1508 2504 notarius
1532 2469 1700 2504 Comunis
1716 2470 1824 2514 Papie
1840 2471 1884 2505 ad
1901 2471 2046 2506 consilia
2061 2472 2127 2506 hoc
2143 2466 2346 2542 statutmssg

475 2530 556 2562 mihi
582 2530 714 2563 iussum
738 2531 937 2564 autenticari
962 2531 1096 2573 scripsi.

534 2687 565 2713 (1)
579 2686 670 2713 Questo
684 2688 827 2712 documento
841 2694 888 2711 non
903 2688 916 2711 ὲ
930 2689 992 2711 altro
1005 2689 1049 2712 che
1064 2689 1087 2712 la
1101 2689 1201 2712 tormola
1219 2689 1302 2718 legale,
1323 2695 1368 2713 con
1422 2691 1557 2714 autentlche
1571 2690 1595 2714 dl
1609 2691 1746 2719 quent'atto
1759 2691 1976 2715 maenomenon
1983 2692 2078 2720 Museo,
2091 2692 2188 2716 lumbi.
2201 2691 2268 2716 Cu!-

480 2731 518 2753 cui
533 2731 593 2758 negli
608 2731 696 2754 Statutl
711 2731 748 2754 del
762 2731 868 2755 eomune
882 2732 896 2755 e
909 2734 1048 2756 consacratn
1061 2733 1084 2756 la
1098 2734 1270 2756 deliberatione
1279 2734 1316 2757 dei
1326 2733 1368 2757 Sa·
1420 2740 1434 2757 e
1447 2735 1471 2757 in
1486 2734 1581 2758 Bibliot.
1596 2735 1664 2759 Univ.
1679 2735 1738 2759 cod.
1752 2741 1776 2759 n.
1789 2735 1839 2764 ⁴8.
1852 2735 1888 2758 ira
1901 2736 1924 2759 le
1937 2741 2077 2764 peronem
2090 2736 2114 2759 dl
2127 2735 2152 2760 8.
2166 2735 2299 2766 m

481 2775 554 2802 pienti
569 2775 607 2798 del
620 2776 634 2798 5
648 2775 727 2803 Aprile
743 2776 802 2804 1335,
817 2776 869 2799 doc.
885 2782 907 2799 n.
922 2777 1002 2800 xxvl.
1017 2777 1169 2801 Avvertlamo
1178 2779 1221 2802 che
1230 2779 1290 2801 altre
1299 2779 1368 2817 επις
2302 2779 2317 2786 ”’
