2496 3600
469 228 535 262 206

467 370 583 395 eorum
608 363 754 405 syndico
778 365 810 397 et
834 364 1054 406 procuratori,
1079 364 1275 406 syndicario
1299 366 1331 397 et
1355 364 1588 406 procuratorio
1613 364 1758 404 nomine,
1776 373 1942 398 summam
1960 365 2050 399 mille
2066 365 2288 401 ducentorum
2346 350 2358 387 :j

466 425 670 458 florenorum
695 426 766 459 auri
793 426 870 459 hinc
895 427 938 459 ad
963 429 1110 468 quatuor
1133 435 1242 459 annos
1260 426 1415 468 proxime
1433 428 1606 466 venturos,
1622 426 1738 460 dando
1753 429 1787 460 et
1803 426 1970 461 solvendo
1986 429 2141 470 quartam
2159 430 2287 470 partem

466 487 634 520 dictorum
671 486 770 522 MCC
805 489 1009 522 florenorum
1046 489 1191 530 singulis
1216 488 1315 522 annis
1350 489 1517 522 dictorum
1554 490 1700 531 quatuor
1734 498 1899 523 annorum
1924 490 1957 523 in
1982 489 2071 523 festo
2094 489 2289 526 Nativitatis
2334 502 2372 527 η»

467 549 503 582 Β.
530 550 639 584 Marie
665 550 814 593 Virginis
839 552 882 584 de
908 560 1025 584 mense
1050 551 1246 593 septembri,
1271 553 1304 584 et
1329 560 1388 593 per
1411 553 1518 584 totum
1542 551 1669 584 dictum
1706 560 1868 591 mensem,
1893 552 1947 586 vel
1971 552 2074 586 alium
2110 553 2288 588 terminum
2346 535 2371 571 '¹‘

466 612 663 655 longiorem,
688 615 716 646 si
742 615 822 647 dicti
849 614 968 647 Abbas
992 616 1023 647 et
1049 612 1248 647 Conventus
1273 613 1440 647 voluerint
1464 614 1514 647 eis
1539 614 1630 647 dare.
1655 613 1765 653 Quam
1784 623 1950 648 summam
1968 613 2067 648 MCC
2083 615 2288 651 florenorum
2334 600 2362 659 {2

464 677 623 709 taxamus
648 678 680 709 et
706 676 890 710 limitamus
914 685 957 709 ex
984 678 1152 718 potestate
1177 676 1415 718 compromissi
1442 676 1475 709 in
1500 676 1601 710 nobis
1624 676 1704 710 facti
1729 676 1772 710 de
1797 679 1877 716 tota,
1902 679 1934 710 et
1957 677 2118 711 omnibus
2145 678 2288 712 summis
2329 664 2354 711 ξ

463 739 495 770 et
520 739 779 779 quantitatibus,
817 739 848 771 in
885 739 1012 780 quibus
1048 739 1128 772 dicti
1166 737 1263 771 Prior
1286 741 1318 772 et
1342 738 1462 772 fratres
1497 741 1529 772 et
1564 736 1776 779 Conventus,
1799 741 1972 772 eteorum
2008 747 2231 774 successores
2254 741 2287 774 in
2341 747 2352 774 “;

462 800 552 833 dicta
577 809 709 834 summa
733 801 825 834 fuere
851 802 1088 835 condemnati:
1113 803 1145 835 et
1171 802 1257 835 hanc
1283 810 1449 835 summam
1474 802 1683 841 ordinamus,
1700 801 1880 835 laudamus
1904 804 1937 836 et
1960 802 2148 836 diffinimus
2163 803 2288 838 debere

463 871 540 895 esse
566 865 694 904 partem
721 864 972 906 contingentem
997 864 1108 896 dictos
1133 863 1300 897 Abbatem
1325 866 1357 897 et
1381 862 1578 898 Canonicos
1602 866 1635 897 et
1659 862 1875 898 Conventum
1900 865 2118 907 supradictos
2133 865 2176 898 de
2193 865 2291 899 fune-
2324 862 2346 915 .'

463 926 590 958 talibus
616 928 648 958 et
673 925 904 959 oblationibus
930 927 1075 968 preteriti
1105 927 1269 968 temporis
1309 926 1514 969 integraliter
1549 927 1720 969 perceptis
1744 929 1776 960 et
1802 927 1939 960 retentis
1975 936 2035 969 per
2070 926 2219 961 Priorem
2254 929 2288 963 et
2335 915 2343 944 ²·

463 987 593 1020 Fratres
619 988 698 1021 dicti
724 987 875 1028 Ordinis,
901 989 958 1030 qui
985 998 1046 1031 pro
1070 990 1221 1031 tempore
1246 989 1392 1029 fuerunt,
1428 991 1546 1022 contra
1581 991 1730 1022 tenorem
1768 990 2030 1023 conventionum
2055 992 2087 1023 et
2111 991 2288 1032 pactorum
2333 988 2347 1019 -ὲ

462 1050 547 1082 inter
571 1059 642 1089 eos,
669 1052 703 1083 ut
728 1051 931 1092 premittitur
956 1052 1112 1084 initorum
1138 1054 1170 1084 et
1195 1053 1310 1084 contra
1336 1051 1542 1085 voluntatem
1580 1052 1747 1085 dictorum
1777 1051 1932 1092 Abbatis‚
1968 1050 2219 1086 Canonicorum
2254 1053 2292 1087 et
2328 1041 2350 1075 ²·-

461 1109 673 1145 Conventus.
700 1111 876 1155 Reliquam
903 1123 984 1146 vero
1013 1116 1142 1155 partem
1179 1114 1511 1154 condemnationum,
1547 1123 1608 1148 seu
1645 1123 1852 1147 summarum
1877 1117 1910 1147 et
1934 1123 2055 1154 rerum,
2091 1115 2124 1147 in
2160 1114 2288 1157 quibus
2328 1112 2344 1150 ’ἶ

461 1174 541 1206 dicti
568 1174 664 1207 Prior
688 1177 719 1208 et
745 1175 877 1208 Fratres
902 1178 934 1209 et
959 1174 1160 1209 Conventus
1185 1177 1319 1209 nomine
1345 1185 1431 1218 pene
1455 1177 1557 1210 dictis
1582 1176 1719 1216 Abbati,
1744 1174 1928 1210 Canonicis
1945 1178 1977 1210 et
1992 1175 2190 1211 iConventui
2215 1176 2291 1211 fue-
2310 1166 2343 1206 ἕ

463 1240 537 1269 runt
562 1238 790 1278 condemnati,
816 1247 857 1271 ex
885 1241 1053 1280 potestate
1079 1239 1317 1281 compromissi
1336 1240 1369 1272 in
1387 1239 1488 1272 nobis
1504 1239 1594 1279 facti,
1611 1239 1740 1273 eisdem
1758 1238 1864 1272 Priori
1882 1241 1915 1273 et
1932 1239 2106 1273 Fratribus
2122 1242 2154 1274 et
2170 1249 2287 1274 eorum

460 1300 722 1333 successoribus
747 1301 957 1341 remittimus,
983 1303 1014 1334 et
1031 1301 1132 1335 etiam
1157 1302 1362 1341 relaxamus,
1380 1304 1413 1335 et
1437 1310 1541 1344 super
1557 1311 1598 1335 ea
1615 1304 1721 1344 parte,
1738 1310 1798 1335 seu
1817 1302 1946 1336 eisdem
1964 1302 2107 1336 summis
2131 1305 2163 1336 et
2179 1311 2291 1345 quan-
2323 1293 2359 1343 ’,Ῑ

459 1363 613 1395 titatibus
639 1364 802 1404 predictis
827 1363 963 1404 Abbati,
989 1363 1174 1398 Canonicis
1198 1366 1230 1397 et
1254 1363 1446 1398 Conventui
1473 1367 1674 1407 perpetuum
1692 1364 1862 1398 silentium
1880 1365 1995 1407 quoad
2013 1374 2122 1407 penas
2138 1365 2287 1408 preteriti

461 1427 624 1467 temporis
661 1427 877 1468 imponimus,
915 1428 977 1460 hac
1014 1429 1125 1461 tamen
1162 1428 1355 1461 conditione
1391 1427 1534 1467 adiecta,
1569 1428 1663 1469 quod
1689 1428 1753 1461 nisi
1779 1427 1875 1460 Prior
1898 1430 1931 1461 et
1956 1427 2090 1462 Fratres
2113 1430 2147 1462 et
2169 1437 2287 1462 eorum
2315 1416 2355 1438 ⁷

459 1497 680 1522 successores
706 1491 917 1531 pretaxatam
943 1499 1108 1524 summam
1134 1489 1233 1524 MCC
1258 1491 1461 1524 florenorum
1488 1491 1520 1523 in
1546 1491 1687 1532 prefixis
1711 1491 1874 1531 terminis,
1899 1500 1960 1524 seu
1978 1500 2040 1533 per
2052 1491 2192 1524 eosdem
2216 1490 2288 1525 Ab·

462 1551 585 1590 batem,
611 1550 808 1585 Canonicos
833 1555 864 1585 et
890 1551 1105 1586 Conventum
1131 1554 1180 1586 eis
1206 1554 1409 1596 prorogatis,
1423 1562 1490 1586 non
1515 1553 1680 1586 solverint
1704 1554 1910 1596 integraliter
1935 1562 2012 1586 cum
2037 1553 2169 1594 effectu,
2194 1554 2286 1601 omni

460 1613 551 1653 dolo,
576 1614 706 1654 fraude,
732 1615 892 1648 violentia
910 1618 942 1648 et
959 1616 1247 1649 circumventione
1273 1618 1440 1655 cessante,
1465 1625 1504 1649 ac
1521 1625 1738 1658 quacumque
1756 1616 1822 1649 alia
1839 1617 2085 1658 impetratione,
2101 1625 2164 1658 per
2182 1625 2286 1659 quam
2332 1606 2365 1658 ᾖ,

462 1679 605 1718 possent
630 1678 753 1710 dictam
780 1678 984 1711 solutionem
1010 1679 1169 1721 effugere,
1194 1679 1287 1720 quod
1313 1688 1356 1711 ex
1381 1681 1461 1711 tunc
1486 1680 1565 1720 post
1601 1678 1735 1720 lapsum
1772 1678 1956 1712 cuiuslibet
1990 1679 2122 1713 termini
2147 1679 2212 1713 ista
2236 1675 2308 1713 re—'
2330 1667 2359 1717 'J

461 1739 580 1772 missio
605 1740 648 1772 sit
673 1749 773 1773 cassa
798 1743 830 1774 et
856 1741 956 1780 irrita,
982 1744 1014 1774 et
1039 1742 1138 1774 dictis
1164 1740 1288 1774 Abbati
1315 1739 1500 1774 Canonicis
1524 1743 1557 1774 et
1581 1739 1774 1774 Conventui
1799 1741 1896 1774 salva
1929 1743 2100 1775 remaneat
2127 1741 2216 1775 actio
2242 1741 2288 1776 ad

461 1804 564 1834 totam
591 1811 757 1836 summam
782 1805 814 1836 et
839 1804 882 1836 ad
908 1813 1027 1837 omnes
1052 1813 1204 1837 summas
1228 1806 1261 1837 et
1286 1813 1350 1843 res,
1376 1804 1409 1836 in
1434 1804 1561 1846 quibus
1597 1804 1836 1837 condemnatio
1873 1804 1962 1837 facta
1997 1804 2070 1844 fuit,
2105 1804 2351 1839 occasione

461 1864 662 1898 funeralium
688 1868 720 1899 et
746 1866 968 1906 oblationum,
994 1870 1029 1899 ut
1054 1867 1265 1908 premittitur,
1303 1869 1517 1900 retentorum.
1555 1864 1655 1900 Circa
1692 1867 1943 1908 perceptionem
1969 1875 2050 1900 vero
2074 1866 2286 1908 funeralium,

461 1927 682 1968 oblationum,
709 1930 741 1961 in
766 1929 915 1962 futurum
941 1931 1040 1971 pacta
1066 1932 1098 1962 et
1123 1930 1368 1962 conventiones
1393 1930 1478 1962 inter
1502 1938 1563 1962 eos
1599 1929 1691 1969 inita,
1728 1931 1828 1972 prout
1863 1938 1988 1971 equum
2013 1931 2046 1962 et
2070 1929 2195 1962 iustum
2223 1930 2288 1970 est,
2335 1922 2376 1946 ⁷³*

463 1991 671 2032 precipimus
696 1992 883 2025 observari.

551 2052 651 2091 Quod
678 2054 768 2087 illam
795 2064 875 2088 vero
901 2057 1030 2097 partem
1056 2057 1233 2095 sententie,
1260 2056 1292 2088 in
1318 2064 1386 2097 qua
1410 2057 1443 2088 et
1467 2064 1528 2097 per
1552 2064 1654 2097 quam
1680 2055 1794 2088 dictus
1817 2054 1986 2088 Dominus
1999 2053 2191 2088 Gulielmus
2203 2055 2287 2088 sub-
2346 2045 2367 2087 s*

460 2116 638 2158 delegatus
663 2117 750 2150 dixit
774 2120 806 2150 et
831 2118 1072 2159 pronuntiavit,
1099 2120 1134 2150 ut
1158 2127 1273 2160 supra,
1299 2118 1446 2160 perticas
1470 2126 1533 2151 sex
1559 2119 1591 2151 et
1615 2117 1751 2151 tabulas
1775 2118 1892 2151 decem
1918 2117 2094 2150 sediminis
2127 2117 2229 2159 positi
2253 2117 2288 2151 in

463 2179 599 2211 civitate
625 2178 785 2221 Papiensi
822 2181 914 2222 apud
951 2181 1074 2213 dictam
1113 2181 1299 2214 Ecclesiam
1333 2181 1417 2213 infra
1453 2189 1536 2213 suos
1573 2181 1725 2213 confines
1751 2181 1783 2212 in
1809 2180 1899 2213 dicta
1924 2180 2204 2222 pronunciatione
2228 2179 2290 2214 de-

462 2242 620 2283 scriptos,
646 2243 737 2284 quod
762 2243 843 2276 dicti
869 2242 974 2282 Prior,
1001 2243 1133 2277 Fratres
1159 2246 1191 2276 et
1215 2242 1416 2277 Conventus
1440 2242 1474 2276 S.
1500 2243 1681 2286 Augustini
1718 2245 1830 2276 tenere
1865 2244 2118 2276 consueverunt
2153 2243 2186 2275 in
2216 2252 2288 2277 em·

464 2304 646 2345 phiteusim
672 2308 870 2347 perpetuam
896 2315 915 2338 a
940 2306 1032 2339 dicto
1057 2307 1273 2346 monasterio,
1298 2306 1406 2339 fuisse
1431 2308 1463 2339 et
1488 2314 1566 2339 esse
1591 2305 1788 2339 devolutum
1814 2306 1856 2339 ad
1881 2305 1992 2338 dictos
2017 2303 2091 2338 DD.
2106 2304 2285 2346 Abbatem,
2343 2295 2367 2355 '52

463 2365 658 2400 Canonicos
682 2370 714 2400 et
739 2366 954 2401 Conventum
980 2369 1059 2401 dicti
1086 2369 1280 2401 monasterii
1307 2367 1340 2402 S.
1367 2368 1467 2408 Petri,
1493 2371 1524 2401 et
1549 2369 1677 2401 dictum
1713 2377 1829 2401 eorum
1866 2367 2046 2410 syndicum
2071 2370 2104 2401 et
2128 2376 2289 2410 procura·
2340 2375 2366 2379 ·’

463 2432 568 2462 torem
594 2439 709 2463 eorum
736 2431 882 2470 nomine,
908 2434 1046 2472 propter
1071 2431 1296 2464 cessationem
1323 2431 1504 2464 solutionis
1529 2431 1633 2464 debiti
1651 2431 1794 2463 canonis
1820 2430 1905 2462 ultra
1930 2431 2066 2472 tempus
2089 2439 2109 2463 a
2133 2430 2204 2464 iure
2218 2432 2288 2464 sta-
2342 2432 2364 2469 j·-

464 2494 582 2531 tutum,
607 2495 640 2525 et
665 2493 777 2534 ipsum
803 2493 956 2526 sedimen
982 2502 1058 2526 cum
1096 2493 1255 2526 omnibus
1291 2493 1435 2526 edificiis
1471 2493 1555 2532 suis,
1591 2493 1723 2526 iuribus
1747 2495 1779 2525 et
1804 2493 2014 2534 pertinentiis
2050 2493 2219 2534 pertinere
2254 2493 2287 2526 et

463 2558 619 2598 spectare
645 2556 746 2598 pleno
774 2557 844 2589 iure
870 2557 911 2589 ad
938 2557 1049 2589 dictos
1074 2555 1113 2589 D.
1141 2556 1320 2596 Abbatem,
1357 2555 1553 2590 Canonicos
1589 2558 1622 2589 et
1653 2554 1868 2589 Conventum
1905 2555 1986 2588 dicti
2023 2555 2230 2595 monasterii,
2253 2556 2310 2588 et*
2341 2560 2367 2597 j

464 2620 591 2652 dictum
616 2629 732 2652 eorum
758 2620 937 2662 syndicum
963 2622 994 2652 et
1020 2622 1270 2661 procuratorem
1296 2629 1412 2652 eorum
1438 2619 1584 2658 nomine,
1602 2620 1767 2660 ipsosque
1784 2617 1934 2652 Priorem
1952 2620 1984 2651 et
2001 2618 2133 2651 Fratres
2150 2620 2183 2652 et
2199 2616 2294 2652 Con-
2346 2639 2358 2658 „-

467 2683 604 2714 ventum
630 2680 663 2715 S.
690 2681 883 2724 Augustini,
908 2684 941 2714 et
966 2682 1093 2714 dictum
1119 2691 1234 2714 eorum
1260 2682 1439 2724 syndicum
1465 2683 1497 2714 et
1522 2682 1773 2723 procuratorem
1799 2690 1915 2714 eorum
1948 2681 2094 2719 nomine,
2130 2680 2293 2713 condem-

467 2744 560 2777 navit
584 2744 626 2777 ad
652 2744 888 2777 dimittendum
914 2744 1018 2777 libere
1042 2746 1074 2777 et
1099 2744 1320 2777 relaxandum
1346 2744 1446 2776 dictis
1471 2742 1628 2776 Dominis
1659 2742 1796 2782 Abbati,
1832 2741 2017 2776 Canonicis
2041 2744 2074 2775 et
2098 2740 2289 2776 Conventui

467 2805 500 2839 S.
526 2805 615 2839 Petri
641 2807 784 2848 predicti
810 2807 1016 2846 monasterii,
1041 2809 1074 2839 et
1097 2807 1188 2839 dicto
1213 2815 1330 2839 eorum
1370 2806 1514 2848 syndico
1539 2808 1571 2839 et
1595 2806 1805 2847 procuratori
1841 2814 1956 2838 eorum
1993 2805 2127 2838 nomine
2161 2798 2290 2838 dictum

468 2869 620 2901 sedimen
646 2878 721 2902 cum
755 2869 915 2902 omnibus
940 2869 1013 2902 suis
1038 2869 1193 2909 edificiis,
1219 2869 1350 2902 iuribus
1375 2870 1408 2901 et
1432 2869 1655 2910 pertinentiis,
1680 2868 1835 2901 similiter
1858 2876 1920 2910 pro
1937 2867 2028 2900 bono
2049 2867 2144 2909 pacis
2161 2869 2194 2900 et
2210 2875 2293 2900 con·
2351 2858 2379 2923 ζ

468 2931 582 2963 cordie
599 2931 796 2964 ordinamus
821 2933 854 2964 et
879 2931 1069 2971 laudamus,
1094 2931 1280 2964 diffinimus
1305 2930 1407 2972 atque
1432 2930 1639 2973 precipimus
1663 2930 1756 2972 quod
1781 2930 1894 2963 dictus
1919 2928 1960 2980 D.
1978 2928 2107 2969 Abbas,
2124 2927 2290 2963 Canonici

469 2994 500 3026 et
525 2990 726 3026 Conventus
762 2994 874 3027 dictos
909 2993 1060 3027 Priorem
1086 2996 1117 3027 et
1142 2993 1276 3027 Fratres
1300 2995 1332 3026 et
1357 2991 1571 3027 Conventum
1597 2991 1630 3026 S.
1655 2992 1837 3035 Augustini
1861 2994 1895 3025 et
1918 3001 2034 3025 eorum
2070 3000 2295 3026 successores

469 3064 536 3088 non
573 3055 719 3088 debeant
751 3057 813 3089 hac
839 3057 914 3089 viee
954 3058 1110 3098 pretextu
1136 3057 1225 3089 dicte
1250 3057 1417 3089 sententie
1452 3065 1556 3098 super
1591 3055 1683 3088 dicto
1718 3055 1884 3088 sedimine
1919 3062 1982 3088 sex
2018 3055 2221 3096 perticarum
2257 3056 2295 3087 et

468 3118 660 3152 tabularum
685 3118 803 3151 decem
821 3128 898 3151 cum
923 3120 996 3152 suis
1021 3120 1176 3159 edificiis,
1200 3121 1258 3152 aut
1283 3121 1439 3161 pretextu
1465 3119 1607 3152 canonis
1632 3127 1699 3151 non
1724 3117 1838 3158 soluti,
1866 3117 2058 3157 molestare,
2094 3117 2290 3159 perturbare
