2496 3600
461 233 504 268 52

460 368 572 401 minus
597 367 712 402 Frater
736 366 952 407 Guillelmus,
976 367 1112 401 nomine
1137 367 1217 400 dicti
1243 364 1384 400 Ordinis
1420 365 1676 406 Heremitarum,
1701 365 1744 399 de
1768 365 1932 408 predictis
1966 365 2225 408 possessionem
2247 367 2284 401 et

458 430 557 472 quasi
583 430 754 473 acceperit
777 430 982 472 coporalem,
1007 438 1109 472 quarn
1134 428 1325 470 accipiendi
1350 428 1425 461 eius
1450 427 1587 470 propria
1621 427 1821 461 auctoritate
1845 427 2131 471 quandocumque
2155 428 2186 462 ei
2210 427 2286 472 pla-
2344 460 2346 463 ,
2378 468 2387 479 ἢ

459 493 566 526 cuerit
590 494 623 526 et
648 493 812 526 retinendi
837 492 1002 534 deinceps
1026 493 1059 525 et
1083 490 1247 533 quicquid
1272 490 1417 523 voluerit
1439 489 1598 530 faciendi,
1615 490 1751 524 nomine
1768 489 1849 524 dicti
1867 488 2018 531 Ordinis,
2034 499 2078 524 ex
2095 499 2185 524 nunc
2201 490 2282 526 dicti

460 555 619 589 dominus
644 554 763 588 Abbas
787 557 820 589 et
845 553 1029 588 Canonicis
1054 554 1164 587 eidem
1190 553 1330 586 domino
1355 552 1458 586 Fratri
1484 551 1679 593 Guillelmo,
1703 553 1879 595 recipienti
1896 554 1929 586 et
1945 553 2120 596 stipulanti
2145 553 2280 588 nomine
2323 591 2328 596 ,

459 620 492 651 et
517 618 591 651 vice
616 618 696 651 dicti
722 616 862 651 Ordinis
887 617 1143 655 Heremitarum,
1169 615 1345 648 licenciam
1370 616 1403 648 et
1427 615 1661 648 auctoritatem
1686 615 1916 649 omnimodam
1952 615 2119 650 dederunt
2142 616 2175 650 et
2199 625 2283 650 con-

462 682 648 713 cesserunt.
674 679 857 713 Tradendo
893 679 1003 712 eidem
1039 679 1178 711 domino
1214 677 1318 711 Fratri
1355 675 1548 718 Guillelmo,
1588 678 1680 711 dicto
1704 678 1850 718 nomine,
1874 678 2061 712 dominium
2085 680 2118 712 et
2141 687 2284 721 posses-

461 743 591 775 sionem
617 742 659 775 de
685 742 857 783 predictis.
884 741 932 774 Eo
958 741 1060 774 modo
1084 740 1196 774 dictus
1221 740 1380 773 dominus
1405 739 1524 774 Abbas
1548 741 1581 774 et
1605 738 1770 774 Canonici
1795 740 1930 774 nomine
1954 740 2066 783 ipsius
2089 741 2285 775 monasterii

460 805 613 838 fecerunt
637 805 831 846 presentem
858 803 1106 843 vendicionem,
1131 803 1354 836 tradicionem
1379 803 1412 835 et
1436 802 1640 842 cessionem,
1664 802 1757 845 quod
1782 802 1825 836 de
1849 804 1964 836 cetero
1987 802 2100 836 dictus
2124 802 2284 838 dominus

462 867 575 900 Frater
599 865 803 900 Guillelmus
827 865 933 906 Prior,
958 868 993 899 ut
1017 874 1122 908 supra
1146 865 1281 899 nomine
1317 865 1398 899 dicti
1433 864 1574 899 Ordinis
1613 864 1869 906 Heremitarum,
1893 867 1927 899 et
1950 873 2070 899 omnes
2092 867 2127 899 et
2149 865 2286 909 synguli

462 930 594 963 Fratres
620 930 729 971 ipsius
754 927 893 962 Ordinis
918 928 1163 961 Heremitarum
1188 929 1221 961 et
1245 928 1371 970 quibus
1395 928 1561 968 dederint,
1586 928 1755 968 habeant„
1779 929 1926 968 teneant,
1961 928 2142 971 gaudeant,
2173 928 2288 971 possi·

462 993 563 1025 deant
588 993 620 1024 et
645 991 744 1033 quasi
771 991 923 1033 predicta
948 991 1109 1032 superius
1134 990 1284 1031 vendita,
1309 990 1432 1024 tradita
1455 992 1488 1023 et
1512 999 1623 1030 cessa,
1659 990 1760 1024 simul
1796 999 1872 1024 cum
1908 990 2120 1031 accessibus,
2155 991 2287 1034 ingres-

462 1055 570 1093 sibus,
596 1053 811 1096 regressibus
835 1054 868 1086 et
892 1053 1052 1086 omnibus
1077 1053 1150 1086 suis
1175 1052 1307 1085 iuribus
1342 1054 1375 1086 et
1411 1052 1630 1095 pertinenciis
1655 1052 1687 1085 in
1723 1053 1902 1095 integrum,
1926 1054 1960 1086 et
1982 1053 2026 1086 de
2050 1052 2137 1095 ipsis
2159 1052 2287 1087 faciant

462 1115 629 1158 quidquid
655 1115 833 1155 voluerint,
858 1115 932 1148 sine
957 1115 1210 1148 contradicione
1246 1115 1414 1148 dictorum
1449 1115 1577 1148 domini
1613 1113 1758 1149 Abbatis
1783 1116 1815 1148 et
1839 1113 2090 1148 Canonicorum
2114 1116 2147 1148 et
2170 1122 2288 1149 eorum

462 1187 713 1218 successorum,
738 1178 873 1210 nomine
898 1177 979 1210 dicti
1005 1177 1199 1211 monasterii
1224 1179 1257 1211 et
1281 1186 1357 1211 cum
1383 1186 1499 1210 eorum
1524 1186 1732 1220 suorumque
1756 1185 2008 1217 successorum,
2025 1177 2160 1210 nomine
2177 1177 2288 1219 ipsius
2379 1171 2382 1178 ⁴

463 1241 669 1281 monasterii,
694 1240 894 1273 defensione
918 1240 962 1273 ab
987 1240 1078 1273 omni
1103 1249 1251 1282 persona
1275 1242 1308 1273 et
1333 1240 1563 1280 universitate,
1603 1249 1679 1273 curn
1719 1240 1858 1273 ratione.
1885 1239 1926 1272 Et
1949 1240 1995 1273 ita
2018 1239 2100 1273 dicti
2128 1239 2288 1274 dominus

464 1303 583 1336 Abbas
608 1305 641 1336 et
665 1301 842 1343 Canonici,
879 1303 1014 1336 nomine
1050 1303 1131 1336 dicti
1168 1303 1374 1343 monasterii,
1411 1304 1644 1336 convenerunt
1679 1305 1711 1336 et
1743 1302 1990 1345 promisserunt
2013 1302 2124 1336 eidem
2149 1302 2288 1336 domino

464 1366 568 1399 Fratri
594 1364 778 1399 Guillelmo
803 1364 910 1398 Priori
936 1363 1094 1399 Generali
1120 1365 1200 1398 dicti
1226 1364 1366 1399 Ordinis
1391 1365 1647 1405 Heremitarum,
1684 1365 1859 1407 recipienti
1884 1367 1917 1398 et
1941 1365 2116 1407 stipulanti
2152 1364 2292 1399 nomine

463 1429 573 1470 ipsius
598 1427 738 1461 Ordinis
763 1427 1019 1468 Heremitarum,
1044 1428 1229 1468 attendere,
1254 1427 1436 1460 defendere
1461 1429 1494 1460 et
1518 1427 1702 1460 observare
1738 1429 1771 1461 et
1806 1427 1836 1460 si
1868 1427 1914 1460 ita
1938 1436 2005 1460 non
2029 1426 2233 1461 attenderint
2255 1428 2291 1463 et

463 1491 733 1530 observaverint,
758 1491 790 1523 et
815 1492 1006 1532 propterea,
1030 1492 1088 1523 aut
1112 1499 1174 1532 pro
1199 1490 1362 1532 predictis
1391 1490 1550 1530 venditis,
1585 1490 1718 1523 traditis
1742 1491 1775 1523 et
1799 1490 1920 1530 cessis,
1945 1490 1978 1522 in
2003 1498 2086 1523 casu
2122 1489 2290 1524 evicionis
2314 1483 2320 1486 ’
2355 1483 2375 1530 J

464 1554 496 1585 et
521 1553 766 1594 cuiuscumque
792 1552 1038 1594 imbrigamenti
1064 1553 1227 1594 ipsorum,
1252 1552 1306 1585 vel
1331 1552 1476 1585 alicuius
1510 1552 1618 1594 partis
1652 1561 1780 1592 eorum,
1812 1551 2038 1585 defendendis
2073 1551 2115 1585 de
2138 1552 2211 1586 iure
2234 1551 2290 1586 vel

464 1624 567 1654 more,
593 1615 777 1656 dampnum
802 1614 954 1656 aliquod,
979 1614 1033 1648 vel
1059 1615 1234 1654 interesse,
1259 1615 1370 1661 eidem
1395 1614 1534 1647 domino
1559 1614 1663 1647 Fratri
1689 1612 1872 1648 Guillelmo
1897 1613 2016 1654 Priori,
2040 1615 2077 1647 ut
2099 1622 2205 1656 supra
2227 1623 2291 1648 no-

465 1677 554 1709 mine
580 1677 661 1709 dicti
686 1675 849 1722 Ordinis„
863 1678 920 1709 aut
945 1676 1010 1718 ipsi
1035 1675 1155 1710 Ordini
1180 1677 1352 1716 acciderit,
1378 1676 1431 1710 vel
1457 1685 1651 1718 expenssas
1697 1676 1831 1718 aliquas
1866 1676 1968 1709 modo
2003 1675 2119 1718 aliquo
2149 1675 2292 1711 fecerint

465 1739 498 1771 in
524 1739 650 1771 iudicio
675 1738 729 1771 vel
754 1740 860 1778 extra,
885 1748 948 1780 pro
972 1739 1136 1781 predictis
1161 1740 1194 1772 et
1218 1739 1374 1782 syngulis
1387 1738 1624 1778 defendendis,
1640 1740 1747 1772 totum
1761 1738 1844 1771 illud
1863 1738 2048 1780 dampnum
2065 1739 2099 1772 et
2115 1738 2291 1780 interesse,

465 1803 497 1834 et
522 1802 617 1843 ipsas
641 1810 845 1843 expenssas,
871 1810 938 1834 una
962 1810 1038 1834 cum
1063 1802 1180 1843 precio
1204 1802 1450 1844 suprascripto,
1474 1803 1532 1835 aut
1555 1810 1596 1834 ea
1620 1803 1715 1843 parte
1740 1801 1850 1843 ipsius
1885 1801 2002 1844 precii,
2026 1809 2088 1843 pro
2112 1810 2181 1843 qua
2214 1809 2294 1844 pre-

465 1864 556 1896 dicta
580 1863 739 1905 superius
765 1863 913 1903 vendita,
937 1864 1060 1897 tradita
1084 1866 1117 1897 et
1141 1873 1251 1904 cessa,
1276 1864 1399 1897 fuerint
1434 1864 1556 1904 evicta,
1581 1864 1694 1897 dictus
1726 1864 1886 1897 dominus
1925 1862 2044 1896 Abbas
2067 1865 2101 1896 et
2124 1861 2291 1898 Canonici

465 1927 557 1959 dicto
582 1927 728 1966 nomine,
754 1926 863 1959 eidem
890 1926 1028 1959 domino
1053 1926 1158 1960 Fratri
1184 1925 1378 1967 Guillelmo,
1404 1927 1580 1969 recipienti
1605 1928 1638 1960 et
1661 1926 1837 1968 stipulanti
1862 1926 1997 1959 nomine
2033 1925 2114 1959 dicti
2150 1924 2291 1960 Ordinis

466 1988 722 2029 Heremitarum,
747 1988 882 2022 solvere
907 1990 940 2022 et
964 1989 1140 2022 restituere
1165 1989 1414 2031 promisserunt
1438 1989 1471 2021 in
1496 1989 1646 2022 denariis
1669 1989 1855 2022 numeratis
1882 1989 2023 2028 tantum,
2047 1988 2081 2021 in
2105 1987 2291 2023 continenti

466 2053 649 2092 postquam
675 2060 778 2084 casus
803 2051 984 2084 evictionis
1008 2052 1051 2084 de
1092 2052 1162 2085 iure
1199 2051 1371 2092 acciderit,
1404 2053 1437 2085 et
1472 2060 1549 2085 cum
1585 2051 1750 2094 expensis
1785 2051 1945 2084 omnibus
1980 2052 2014 2084 et
2043 2050 2200 2094 singulis,
2224 2058 2293 2094 que
2346 2042 2386 2059 ’

466 2114 584 2146 fierent
609 2114 710 2146 modo
735 2114 850 2156 aliquo
887 2123 948 2156 pro
985 2114 1149 2156 predictis
1173 2116 1206 2147 et
1230 2114 1375 2156 singulis
1411 2114 1569 2156 petendis
1593 2116 1626 2147 et
1650 2113 1841 2157 exigendis.
1878 2111 2060 2147 Credendo
2087 2113 2200 2156 agenti
2231 2122 2294 2147 no-
2352 2105 2392 2149 23}-

467 2176 555 2208 mine
581 2176 661 2208 dicti
687 2174 827 2209 Ordinis
853 2175 1098 2209 Heremitarum
1122 2177 1156 2209 in
1181 2177 1256 2210 eius
1281 2177 1384 2216 dicto,
1408 2176 1482 2209 sine
1507 2178 1721 2209 sacramento
1745 2175 1914 2216 faciendo,
1939 2175 1982 2209 de
2006 2175 2173 2218 expensis
2211 2175 2292 2209 inde
2365 2168 2371 2175 ’

466 2239 576 2279 factis,
602 2241 702 2280 prout
726 2239 818 2272 dicto
835 2239 974 2272 domino
991 2238 1116 2272 Abbati
1134 2241 1167 2273 et
1184 2237 1369 2273 Canonicis
1383 2239 1516 2272 dixerit.
1535 2239 1576 2272 Et
1596 2248 1659 2281 pro
1671 2239 1835 2281 predictis
1851 2238 2012 2272 omnibus
2027 2240 2061 2271 et
2077 2238 2222 2281 singulis
2237 2238 2295 2272 fir·

468 2302 564 2334 miter
581 2301 817 2342 defendendis,
835 2301 1073 2342 observandis,
1091 2302 1268 2335 solvendis
1285 2303 1318 2335 et
1334 2302 1564 2342 restituendis,
1588 2301 1701 2335 dictus
1725 2301 1886 2334 dominus
1907 2300 2036 2341 Abbas,
2054 2301 2097 2334 de
2121 2308 2292 2335 consensu

468 2364 635 2397 dictorum
650 2362 900 2397 Canonicorum
918 2373 1068 2405 suorum,
1082 2366 1115 2398 et
1129 2365 1194 2407 ipsi
1208 2363 1373 2398 Canonici
1387 2374 1464 2398 cum
1477 2365 1570 2398 dicto
1583 2364 1722 2397 domino
1735 2363 1879 2404 Abbate,
1893 2364 2006 2397 omnia
2019 2363 2110 2397 bona
2122 2363 2203 2397 dicti
2216 2363 2296 2397 Mo-

469 2427 606 2459 nasterii
625 2425 739 2459 Sancti
757 2425 858 2467 Petri,
876 2427 987 2460 eidem
1005 2427 1143 2460 domino
1159 2427 1251 2460 fratri
1269 2425 1453 2460 Guillelmo
1469 2425 1577 2460 Priori
1595 2425 1753 2460 Generali
1771 2426 1852 2460 dicti
1876 2424 2017 2459 Ordinis
2035 2424 2292 2467 Heremitarum,

469 2489 643 2530 recipienti
669 2490 701 2521 et
726 2488 947 2530 solempniter
974 2489 1161 2530 stipulanti,
1186 2489 1321 2522 nomine
1347 2489 1428 2522 dicti
1453 2487 1594 2522 Ordinis
1611 2488 1867 2528 Heremitarum,
1889 2488 2019 2531 pigneri
2044 2487 2292 2531 obligaverunt.

468 2549 543 2589 Que
568 2551 659 2583 bona
684 2550 835 2593 obligata
859 2551 940 2584 dicti
966 2551 1126 2584 dominus
1162 2550 1281 2584 Abbas
1305 2553 1339 2584 et
1363 2549 1528 2584 Canonici
1553 2551 1801 2584 constituerunt
1814 2559 1852 2584 se
1865 2552 1979 2583 tenere
1993 2552 2026 2583 et
2050 2550 2230 2592 possidere
2252 2551 2288 2585 et

470 2613 580 2654 quasi,
605 2613 759 2654 precario
783 2613 919 2646 nomine
944 2614 1025 2646 dicti
1040 2613 1167 2646 domini
1181 2613 1293 2647 fratris
1317 2612 1501 2653 Guillelmi‚
1526 2613 1618 2646 dicto
1643 2613 1778 2646 nomine
1802 2614 1836 2646 et
1859 2613 1970 2655 ipsius
1986 2611 2127 2646 Ordinis
2140 2612 2293 2646 Heremi-

469 2676 592 2707 tarum:
619 2684 660 2708 eo
685 2675 787 2708 modo
812 2676 905 2717 quod
930 2676 959 2709 si
985 2676 1095 2709 eidem
1120 2676 1258 2709 domino
1290 2675 1382 2709 fratri
1418 2674 1613 2716 Guillelmo,
1649 2675 1741 2709 dicto
1765 2675 1912 2715 nomine,
1936 2677 1969 2708 et
1993 2675 2059 2717 ipsi
2096 2674 2226 2716 Ordini,
2250 2675 2294 2709 de

471 2737 634 2778 predictis
659 2738 818 2771 omnibus
843 2739 876 2771 et
900 2738 1046 2781 singulis
1070 2747 1138 2771 non
1162 2738 1262 2772 fuerit
1286 2739 1414 2781 integre
1439 2738 1651 2772 satisfactum
1675 2739 1709 2771 et
1725 2737 1879 2780 predicta
1895 2737 2008 2771 omnia
2025 2739 2058 2771 et
2074 2737 2210 2780 singula
2224 2745 2294 2771 non

471 2798 595 2831 fuerint
620 2799 652 2831 in
677 2800 837 2833 omnibus
861 2801 894 2833 et
918 2809 979 2842 per
1003 2801 1126 2841 omnia,
1151 2802 1252 2843 prout
1286 2801 1446 2843 superius
1482 2802 1561 2834 sunt
1584 2800 1765 2842 promissa,
1801 2799 1901 2833 liceat
1935 2801 2016 2833 tunc
2040 2799 2132 2833 dicto
2156 2799 2295 2833 domino

471 2860 563 2893 fratri
589 2858 783 2902 Guillelmo,
808 2863 944 2896 nomine
968 2862 1120 2896 Fratrum
1145 2863 1226 2896 dicti
1251 2861 1392 2896 Ordinis
1416 2862 1672 2903 Heremitarum,
1697 2864 1731 2896 et
1754 2862 1840 2904 ipsis
1865 2861 2049 2902 Fratribus,
2073 2862 2211 2904 propria
2233 2869 2295 2895 au·

473 2923 626 2955 ctoritate
651 2923 773 2956 intrare
798 2924 831 2956 in
855 2926 1004 2958 tenutam
1029 2927 1062 2959 et
1086 2925 1297 2968 corporalem
1321 2926 1579 2968 possessionem
1603 2925 1770 2958 dictorum
1794 2924 1960 2958 bonorum
1984 2925 2065 2958 dicti
2089 2923 2296 2964 monasterii,

473 2986 506 3017 et
530 2985 606 3026 ipsa
631 2985 731 3025 bona,
756 2987 789 3019 et
813 2995 879 3028 que
904 2996 948 3020 ex
973 2988 1060 3029 ipsis
1083 2988 1229 3022 voluerit
1252 2988 1435 3028 vendendi,
1460 2988 1630 3021 alienandi
1655 2988 1729 3021 sive
1754 2987 1787 3020 in
1811 2995 1850 3021 se
1874 2987 2050 3027 retinendi,
2075 2988 2108 3020 et
2131 2985 2294 3029 quicquid

474 3046 619 3080 voluerit
642 3047 801 3088 faciendi,
826 3057 936 3091 usque
960 3049 1004 3082 ad
1029 3050 1193 3093 integram
1218 3050 1430 3084 solucionem
1455 3052 1488 3083 et
1511 3050 1779 3084 satisfactionem
1810 3049 2040 3092 predictorum
2076 3049 2226 3082 omnium
2260 3049 2294 3082 et

474 3108 695 3151 singulorum,
719 3119 763 3142 ex
789 3119 878 3144 nunc
903 3111 983 3144 dicti
1008 3112 1167 3146 dominus
1192 3112 1311 3146 Abbas
1335 3114 1368 3146 et
1392 3110 1569 3153 Canonici,
1593 3112 1685 3145 dicto
1709 3111 1855 3152 nomine,
1879 3111 1990 3145 eidem
2029 3111 2169 3145 domino
2201 3110 2295 3144 fratri
