2496 3600
478 404 711 439 Innocentium
735 403 924 438 secundum
941 400 1005 446 (1).
1022 400 1109 437 Cum
1127 401 1258 443 capella
1275 401 1384 435 sancti
1409 400 1592 434 Michaelis
1607 400 1767 444 contigua
1782 397 1845 442 (2).
1863 398 1954 434 Olim
1970 398 2036 433 fuit
2057 398 2300 433 monasterium

477 468 651 510 nigrorum
667 464 730 508 (3).
755 465 894 500 Delecta
918 467 971 500 est
995 474 1056 508 per
1092 464 1281 498 Heremitas
1297 460 1359 505 (4).
1384 463 1632 497 Monasterium
1656 460 1908 497 Canonicorum
1944 460 2161 505 Regulatium
2184 470 2303 496 exem·
2343 509 2350 514 ..

477 531 581 572 ptum.
607 527 694 571 (Fol.
720 529 773 569 lv,
798 526 850 570 r.).

566 762 652 797 Cum
693 763 822 796 vadunt
854 758 1074 804 (papienses)
1105 761 1148 794 ad
1174 760 1464 803 indulgenciarum
1504 759 1590 800 loca,
1622 769 1796 803 nunquam
1821 768 1930 794 vacua
1970 768 2072 793 manu
2112 761 2301 803 pergunt...

477 826 563 859 l-linc
599 827 651 859 est
687 825 779 867 quod
819 824 984 866 colligunt
1019 831 1190 866 pauperes
1214 825 1247 856 et
1279 822 1462 866 hospitalia
1486 822 1627 856 multum
1651 824 1685 857 et
1709 823 1857 857 maxime
1892 822 2126 856 mendicantes
2149 821 2300 865 religiosi
2354 810 2380 873 J

479 891 618 931 propter
653 888 859 921 cotidianam
884 887 917 920 in
954 887 1217 929 quadragesima
1253 886 1476 928 frequentiam
1512 886 1728 928 populorum,
1751 888 1784 920 et
1808 886 1895 920 inter
1917 894 1979 920 eos
2014 885 2162 928 amplius
2198 884 2302 919 Here-

477 952 591 984 mitani
618 950 757 984 Ordinis
782 950 890 983 sancti
909 948 1102 991 Augustini,
1120 950 1257 992 propter
1281 949 1526 992 indulgentiam
1551 957 1707 992 magnam
1731 957 1834 991 quam
1861 949 1986 983 habent
2010 949 2137 991 ubique
2153 957 2174 982 a
2190 947 2303 982 media
2376 941 2382 994 'y

476 1013 739 1056 quadragesima
777 1021 886 1055 usque
922 1014 1002 1054 post
1038 1011 1174 1045 Pascha
1191 1008 1286 1053 (5)....
1325 1001 1486 1045 Similiter
1519 1011 1732 1054 pauperibus
1768 1011 1872 1045 multa
1896 1009 2075 1054 (offerunt)
2098 1013 2131 1046 et
2155 1011 2303 1045 maxime

476 1076 566 1108 omni
593 1075 744 1109 secunda
769 1075 852 1108 feria
877 1074 943 1108 hiis
968 1075 1025 1116 qui
1056 1074 1249 1107 mendicant
1273 1074 1316 1107 ad
1342 1075 1497 1107 sanctum
1522 1068 1751 1121 Augustinum
1768 1071 1822 1116 (6)
1844 1071 1931 1115 (Fol.
1956 1073 2026 1114 ΧΠ,
2051 1073 2102 1116 r.).
2352 1064 2355 1069 ’
2379 1065 2387 1070 ⁴¹

567 1309 639 1342 Hoc
665 1309 755 1342 idem
785 1308 914 1342 faciunt
937 1305 1061 1349 (idest:
1086 1307 1275 1350 procedunt
1311 1308 1532 1350 solempniter
1556 1306 1756 1348 Commune,
1781 1307 1941 1342 Potestas
1964 1311 1998 1342 et
2021 1307 2126 1343 Cives
2150 1319 2228 1344 cum
2252 1310 2305 1344 in-

479 1373 676 1405 strumentis
712 1372 864 1411 musicis,
889 1371 1051 1413 timpanis
1088 1370 1256 1410 videlicet,
1281 1371 1374 1404 tubis
1397 1372 1431 1404 et
1454 1371 1611 1404 cimbalis
1646 1373 1679 1405 et
1714 1371 1964 1412 consimilibus,
1988 1381 2064 1405 cum
2100 1373 2212 1407 serico
2246 1373 2301 1408 vel

477 1444 580 1467 aureo
606 1435 736 1467 intexto
761 1435 931 1476 pendente
956 1434 988 1466 in
1015 1434 1113 1467 hasta
1138 1433 1242 1476 pallio
1267 1431 1456 1474 offerendo)
1481 1434 1514 1466 in
1539 1433 1628 1467 festo
1652 1433 1742 1467 beati
1763 1433 1958 1476 Augustini,
1975 1435 2202 1477 procedentes
2224 1444 2302 1470 cum

477 1497 633 1538 pluribus
659 1497 779 1538 palleis
805 1496 1041 1529 consimilibus
1065 1496 1108 1529 ad
1134 1496 1375 1529 monasterium
1401 1494 1516 1530 Sancti
1541 1495 1630 1529 Petri
1657 1497 1689 1529 in
1714 1496 1788 1530 celo
1811 1506 1930 1536 aureo;
1954 1506 2099 1539 quorum
2122 1497 2303 1540 palliorum

478 1569 580 1592 unum
606 1560 701 1592 offert
726 1558 927 1598 Commune,
953 1559 1188 1606 reliquavero
1212 1559 1294 1592 dare
1318 1559 1430 1592 solent
1453 1559 1602 1601 quedam
1627 1559 1754 1592 maiora
1779 1559 1933 1593 Paratica
1949 1558 2012 1602 (7).
2037 1558 2303 1607 consueverunt
2341 1590 2369 1612 .÷

477 1623 565 1655 enirn
590 1622 776 1664 aliquando
801 1621 857 1655 illa
881 1622 936 1655 die
953 1621 1064 1654 offerri
1090 1621 1136 1654 ibi
1159 1621 1250 1655 circa
1275 1620 1362 1654 XVll
1388 1621 1535 1664 pallia...
1561 1621 1680 1655 Mullis
1705 1622 1794 1655 enim
1811 1624 1844 1655 et
1860 1613 2167 1657 innumerabilibus
2189 1623 2305 1667 palliis

476 1687 510 1718 et
533 1685 681 1718 diversis
705 1686 860 1717 ornatum
886 1686 938 1717 est
962 1684 1089 1717 dictum
1115 1684 1203 1717 beati
1230 1683 1319 1722 Petri
1346 1685 1600 1724 monasterium,
1626 1686 1661 1717 ut
1684 1687 1826 1727 apparet
1850 1694 1926 1718 cum
1951 1694 2013 1734 per
2036 1686 2217 1720 ecclesiam
2241 1674 2314 1722 ιά-ι

477 1748 662 1781 tenduntur
686 1748 718 1780 in
743 1747 841 1780 festis
877 1747 1031 1780 eiusdem
1065 1746 1154 1779 beati
1180 1745 1268 1780 Petri
1295 1746 1537 1789 Apostolorum
1575 1747 1739 1790 principis
1763 1749 1797 1781 et
1821 1748 1911 1782 beati
1936 1747 2118 1791 Augustini
2154 1749 2307 1791 doctoris
2333 1764 2335 1767 ·
2375 1751 2389 1772 τ’

478 1811 613 1850 eximii;
638 1811 680 1843 ad
708 1811 804 1843 cuius
823 1810 973 1852 vigiliam
999 1809 1041 1842 de
1067 1809 1181 1842 multis
1207 1810 1361 1851 partibus
1387 1809 1588 1844 Lombardie
1612 1811 1834 1851 concurritur,
1851 1814 1884 1844 et
1901 1811 1947 1844 ibi
1965 1811 2107 1855 vigilant
2122 1813 2194 1846 tota
2209 1814 2309 1847 nocte
2347 1803 2379 1837 1³⁶¹:

480 1874 512 1905 in
539 1873 683 1906 ecclesia
709 1872 763 1905 illa
781 1870 876 1913 (8)....
903 1871 1002 1904 Fiunt
1026 1874 1138 1905 tamen
1163 1871 1230 1905 illic
1257 1872 1345 1905 bone
1375 1872 1531 1906 custodie
1556 1882 1618 1915 per
1641 1872 1802 1908 Rectores
1819 1876 1878 1907 aut
1905 1873 2046 1908 Vicinos
2062 1884 2104 1908 ne
2121 1875 2167 1909 ibi
2191 1875 2308 1918 aliqua
2355 1859 2394 1901 ...¹5

481 1936 569 1969 mala
593 1937 675 1969 fiant
698 1933 784 1976 (Fol.
811 1934 895 1974 XIV,
922 1932 972 1975 r.).

483 2093 572 2115 tedrale
587 2093 648 2115 dove
662 2098 749 2115 ancora
764 2093 783 2115 si
799 2094 906 2115 trovano.
923 2092 946 2115 S.
963 2093 1090 2115 Tommaso
1114 2093 1233 2120 d'Aquino
1254 2093 1335 2116 addita
1356 2099 1370 2115 a

1425 2093 1507 2116 Ptetm
1521 2094 1546 2116 ίιι
1563 2093 1615 2116 Cic!
1629 2094 1705 2117 d'Oro
1720 2100 1774 2122 pag.
1793 2095 1838 2117 1⁴0:
1853 2094 1985 2123 Remum,
1999 2095 2104 2123 Nonne,
2119 2096 2172 2119 voi.
2191 2095 2230 2124 m,
2250 2101 2306 2126 μ..
2355 2122 2357 2132 A

485 2137 562 2159 Dante
577 2137 613 2159 nel
630 2137 742 2159 Paradiso
757 2138 793 2162 (Χ.
812 2138 858 2163 12⁶3)
873 2138 895 2159 lo
910 2138 994 2164 spirito
1009 2138 1032 2159 di
1048 2137 1150 2160 Boezio:

1426 2138 1472 2165 101,
1487 2138 1513 2162 R.
1528 2139 1668 2166 MAloccffl,
1679 2139 1710 2162 Le
1719 2145 1778 2162 ossa
1792 2140 1819 2162 dt
1827 2139 1862 2163 Re
1871 2140 2027 2168 attentando,
2042 2146 2096 2169 pag.
2106 2141 2306 2167 mummium.

674 2182 777 2204 L'anima
792 2184 869 2209 santa,
885 2183 928 2204 che
942 2182 957 2204 il
973 2182 1060 2205 mondo
1074 2182 1156 2204 fallace

675 2227 707 2249 Fa
722 2226 847 2248 maniiesto
861 2232 875 2248 a
890 2227 926 2249 chi
941 2227 964 2248 di
979 2227 1008 2248 lei
1023 2227 1068 2249 ben
1083 2226 1136 2249 ode.

621 2271 653 2293 Lo
668 2276 741 2297 corpo
756 2271 864 2292 ond'ella
879 2270 903 2292 tu
919 2270 1031 2297 cacciata,
1047 2271 1113 2298 giace

674 2315 747 2337 Giuso
762 2315 785 2336 in
800 2315 849 2337 cie!
864 2315 956 2341 d’auro;
971 2315 1000 2337 ed
1015 2321 1068 2337 essa
1083 2315 1113 2337 da
1128 2315 1224 2337 martiro

676 2360 694 2382 Ε
708 2360 738 2381 da
753 2360 835 2386 esiglio
850 2365 924 2381 venne
938 2365 952 2381 a
968 2361 1053 2387 questa
1068 2365 1134 2386 pace.

540 2405 618 2426 Anche
634 2405 648 2426 il
664 2404 774 2426 Petrarca
789 2404 914 2426 scrivendo
928 2404 950 2426 al
965 2404 1102 2431 Boccaccio,
1117 2404 1147 2426 da
1162 2404 1242 2432 pavia,
1258 2405 1306 2427 cosl
1322 2411 1374 2432 par-

486 2449 538 2470 lava
554 2449 590 2470 dei
606 2448 710 2470 venerati
725 2448 826 2475 sepulcri
842 2448 864 2470 di
879 2448 903 2470 S.
925 2448 1003 2470 Pietro
1018 2449 1040 2470 in
1055 2449 1104 2471 Ciel
1128 2449 1223 2471 d’Oro:
1245 2457 1257 2467 «
1278 2449 1371 2472 Avresn

486 2493 575 2515 veduto
590 2493 605 2514 il
620 2493 691 2520 luogo
706 2493 729 2514 in
743 2493 780 2514 cui
796 2493 911 2520 Agostlno
933 2493 1042 2515 rinvenne
1057 2493 1078 2515 la
1093 2493 1174 2515 tomba
1189 2499 1201 2515 e
1217 2493 1304 2516 Boezio
1325 2500 1371 2516 una

486 2537 543 2559 sede
557 2538 667 2559 acconcia
681 2537 789 2559 all'esilio
804 2537 876 2559 senile
891 2543 904 2559 e
918 2537 933 2559 il
948 2537 994 2559 line
1009 2537 1069 2559 della
1093 2538 1149 2564 vlta;
1171 2543 1212 2560 ora
1233 2538 1256 2560 in
1277 2539 1368 2565 gemina

487 2587 543 2603 urna
559 2583 624 2604 sotto
639 2582 744 2604 l'istesso
759 2583 820 2604 tetto
836 2587 880 2609 pur
894 2582 1009 2609 giaciono,
1025 2582 1121 2604 insieme
1135 2582 1208 2604 deire
1219 2583 1372 2610 Liutprando,

487 2626 529 2647 che
544 2626 594 2647 lece
610 2628 755 2653 trasportare
770 2627 791 2648 le
806 2626 903 2653 reliquie
918 2627 941 2648 dl
952 2626 1067 2654 Agostino
1082 2627 1143 2649 dalla
1153 2626 1273 2654 Sardegna
1283 2628 1305 2649 in
1316 2633 1372 2654 que-

485 2672 523 2692 sta
538 2670 604 2697 eina:
620 2670 707 2692 devoto
718 2676 730 2692 e
741 2671 780 2697 pio
791 2671 916 2693 consorzio
927 2670 950 2692 di
961 2671 1032 2693 chiari
1044 2672 1183 2699 personaggi
1195 2679 1214 2693 ».
1227 2671 1368 2698 Parmam,

488 2714 562 2737 Senil.
585 2715 623 2736 lib.
646 2715 683 2737 Vl.
709 2715 779 2741 epist.
794 2715 815 2742 2,
839 2716 947 2737 versione
969 2716 991 2737 di
1013 2715 1040 2738 A.
1058 2716 1158 2743 LEVATl,
1185 2716 1269 2744 viaggt
1289 2717 1316 2739 dt
1336 2717 1373 2739 Fr.

488 2758 562 2786 Petr„
578 2759 674 2786 Milano,
692 2759 751 2786 lem,
767 2760 812 2781 vol.
829 2760 856 2787 V,
872 2765 926 2787 pag.
941 2760 989 2782 208.
1006 2760 1087 2782 Faccia
1109 2760 1174 2782 iddio
1189 2761 1231 2782 che
1245 2761 1266 2783 le
1281 2761 1372 2788 spoglie

488 2803 524 2824 dei
541 2804 576 2824 tre
591 2803 630 2829 piu
646 2803 726 2830 grandi
743 2804 829 2825 uomini
845 2804 950 2826 den'alto
965 2804 1046 2826 Medio
1061 2805 1118 2831 Evo,
1142 2805 1209 2827 siano
1227 2810 1314 2827 ancora
1329 2805 1374 2827 riu-

489 2847 536 2868 nite
552 2847 587 2868 nel
603 2847 690 2870 devoto
705 2854 717 2870 e
733 2848 771 2875 pio
787 2849 911 2870 consorzio
926 2849 968 2871 che
978 2848 1083 2871 formava
1094 2849 1108 2870 il
1119 2849 1210 2876 miglior
1220 2850 1301 2877 pregio
1311 2849 1371 2872 della

492 2892 573 2912 nostra
589 2891 692 2913 basilica.

543 2935 574 2961 (1)
590 2935 633 2957 Per
648 2936 669 2957 la
684 2937 866 2959 consacrazione
886 2938 908 2958 di
930 2937 953 2959 S.
971 2937 1049 2960 Pietro
1064 2938 1076 2960 ὲ
1091 2938 1121 2960 da
1135 2938 1259 2960 ricordarsi
1275 2939 1296 2960 la
1311 2939 1373 2961 bolla

490 2979 513 3000 di
530 2980 660 3001 lnnocenzo
676 2980 693 3002 11
709 2981 745 3002 del
760 2981 773 3002 4
787 2981 879 3008 Giugno
897 2982 948 3004 1132
961 2981 1111 3009 (ΡΕΝΝΟΤΤΙ,
1127 2983 1190 3005 Hlst.
1207 2983 1302 3010 tripart.
1318 2989 1372 3010 pag.

493 3023 538 3049 104,
553 3029 566 3045 e
582 3022 660 3051 ΙΑῐ-Τὲ,
676 3024 779 3052 Regesta
795 3025 886 3052 Pontis.
910 3025 1039 3048 Romanor.
1056 3027 1072 3053 l,
1088 3032 1142 3054 pag.
1164 3027 1212 3054 856,
1227 3033 1249 3049 n.
1264 3028 1327 3052 7571)
1348 3028 1370 3049 in

491 3067 528 3089 cui
544 3067 594 3089 dice
610 3068 670 3089 della
685 3068 750 3090 detta
767 3069 862 3090 basilica
878 3077 889 3086 «
905 3069 1054 3096 cooperante
1075 3070 1177 3097 Spiritus
1198 3071 1277 3094 Sancti
1291 3072 1375 3099 gratia,

492 3117 561 3133 manu
577 3113 672 3139 propria
687 3113 877 3135 consecravimus
891 3121 911 3134 ».
929 3114 959 3135 La
969 3113 1030 3136 festa
1041 3114 1101 3136 della
1111 3117 1293 3138 consacrazione
1307 3117 1326 3138 si
1337 3122 1374 3139 ce-

476 3156 586 3178 *lebrava
602 3156 623 3178 in
639 3156 662 3178 S.
679 3156 757 3178 Pietro
772 3157 817 3184 agli
832 3157 845 3179 8
860 3157 882 3179 di
898 3158 998 3185 maggio.
1015 3158 1163 3185 ZURADELLI,
1179 3160 1212 3182 La
1227 3160 1298 3183 basil.
1314 3161 1340 3183 dl
1349 3161 1373 3183 S.

1476 2182 1508 2210 (2)
1522 2182 1567 2210 Qui
1581 2183 1715 2206 i'Anonimo
1729 2184 1781 2206 dice
1794 2184 1837 2206 che
1850 2184 1943 2212 attigua
1955 2185 2002 2207 alla
2016 2185 2113 2208 basilica
2127 2191 2168 2208 en
2185 2190 2233 2209 m
2251 2191 2309 2215 αν

1426 2227 1487 2254 pella
1501 2227 1533 2250 od
1547 2228 1652 2250 oratorio
1666 2228 1689 2250 di
1703 2227 1728 2250 S.
1743 2228 1852 2251 Michele.
1867 2229 1896 2251 m
1911 2231 1998 2256 questo
2011 2235 2058 2252 non
2071 2230 2092 2252 si
2106 2231 2185 2253 haum
2197 2230 2293 2254 totide-

1389 2307 1392 2310 .
1476 2271 1507 2299 (3)
1521 2272 1605 2295 Allude
1618 2273 1640 2295 ai
1655 2273 1746 2296 monaci
1761 2274 1810 2296 neri
1823 2273 1967 2296 dell'OrdIne
1981 2273 2144 2303 Beneuentum,
2162 2276 2207 2298 ebe
2225 2280 2310 2303 m
2355 2256 2370 2287 v..
2378 2288 2386 2312 ᾗ,

1426 2317 1520 2339 dettero
1534 2317 1550 2339 il
1564 2318 1699 2340 monastero
1713 2318 1736 2340 di
1751 2317 1775 2340 S.
1791 2317 1871 2341 Pletro
1884 2318 1908 2340 in
1922 2318 1971 2342 ciel
1992 2318 2070 2342 d'Oro
2090 2319 2143 2342 sino
2155 2320 2179 2343 al
2193 2320 2309 2348 m
2361 2314 2388 2356 ΞΣ

1427 2362 1464 2384 del
1479 2362 1559 2384 secolo
1573 2362 1629 2384 xnl.
1649 2362 1696 2385 Cfr.
1718 2363 1868 2391 lumper-u,
1883 2364 1917 2386 La
1931 2363 2009 2387 Basa.
2025 2365 2052 2387 dt
2065 2364 2090 2387 8.
2104 2364 2187 2388 Ρὶεΐνο
2207 2365 2234 2388 ln
2255 2364 2310 2393 ω
2355 2373 2359 2386 ·,
2384 2375 2386 2397 j

1427 2405 1499 2429 d'oro
1512 2412 1566 2434 pag.
1583 2407 1628 2434 150,
1643 2412 1694 2434 seg.

1479 2450 1511 2478 (4)
1524 2451 1568 2478 Qui
1584 2451 1604 2473 si
1618 2457 1720 2474 accenna
1734 2452 1780 2474 alla
1795 2453 1868 2475 scelta
1882 2453 1920 2475 del
1935 2459 2014 2476 nuovo
2027 2455 2145 2477 convento
2161 2454 2222 2478 latta
2243 2454 2308 2484 ω
2352 2436 2385 2491 ξ”ὲ

1427 2495 1552 2518 Eremitani
1567 2501 1580 2518 e
1594 2495 1646 2518 loro
1659 2496 1787 2519 accordato
1801 2496 1832 2518 da
1846 2496 1961 2519 OEovanni
1975 2497 2036 2519 ΧΧΙΙ
2050 2498 2087 2520 nel
2105 2498 2164 2521 lm.

1476 2540 1507 2566 (5)
1522 2540 1664 2562 L'Anonimo
1679 2541 1772 2563 sembra
1786 2541 1889 2563 indicare
1902 2541 2059 2569 l'indulgenza
2073 2542 2116 2565 che
2129 2543 2231 2566 sarebbe
2243 2544 2308 2568 m

1427 2584 1510 2611 largita
1524 2584 1570 2611 agli
1584 2584 1731 2611 Agostinianl
1745 2585 1776 2607 da
1791 2584 1856 2612 Papa
1870 2585 1988 2612 Pasquale
2002 2586 2029 2613 ll,
2044 2587 2087 2608 che
2101 2586 2143 2609 «in
2158 2586 2233 2610 Divae
2245 2587 2310 2616 μοι»

1426 2628 1491 2650 tricis
1514 2628 1626 2651 honorem
1648 2629 1765 2652 concessit
1779 2634 1793 2651 a
1806 2629 1821 2652 6
1833 2629 1891 2652 rena
1912 2631 1968 2657 post
1988 2630 2002 2652 3
2022 2630 2091 2653 Dom.
2106 2630 2307 2659 Quadragelm

1426 2678 1502 2700 usque
1516 2673 1547 2695 ad
1561 2672 1666 2695 Octavus
1680 2672 1793 2701 Paschae,
1808 2674 1913 2701 qualibet
1927 2674 2031 2701 ipsarum
2042 2676 2179 2698 octavarum
2189 2675 2236 2704 dle.
2245 2676 2309 2700 nine

1428 2722 1503 2739 annos
1517 2718 1541 2739 et
1556 2717 1720 2744 quadragenas
1733 2725 1746 2736 ι
1761 2718 1878 2745 ΤοΙὶΕιιΙ,
1892 2718 1940 2740 vol.
1955 2718 1993 2746 lv,
2009 2724 2062 2746 pag.
2077 2719 2125 2742 275.

1480 2761 1511 2787 (6)
1526 2761 1549 2784 Si
1565 2761 1613 2789 pub
1628 2762 1667 2789 qul
1682 2767 1752 2784 avere
1766 2768 1798 2784 un
1812 2762 1899 2785 inditio
1917 2763 2018 2785 dell¹uso
2038 2763 2076 2786 dei
2098 2763 2181 2787 Pavet!
2201 2764 2226 2787 dl
2245 2764 2322 2788 eut.
2372 2775 2381 2779 <

1428 2811 1491 2828 mare
1513 2806 1613 2828 Basilica
1634 2807 1657 2828 di
1679 2806 1703 2830 S.
1719 2807 1798 2829 Pietro
1812 2807 1835 2829 in
1856 2807 1921 2830 Cielo
1942 2807 2016 2830 d’Oro
2039 2808 2079 2835 piu
2101 2809 2251 2832 brevemente
2270 2810 2309 2833 ed
2356 2806 2397 2850 ;

1427 2857 1495 2873 nome
1510 2851 1532 2873 di
1547 2851 1570 2874 S.
1587 2851 1710 2879 Agosnno,
1724 2852 1798 2874 anche
1812 2853 1886 2880 prima
1909 2853 1952 2875 che
1973 2858 2057 2880 presso
2077 2853 2100 2876 dl
2121 2859 2176 2876 essa
2196 2859 2310 2879 aventem

1428 2895 1549 2917 residenza
1563 2895 1593 2922 gli
1609 2895 1742 2918 Eremitani.

1480 2939 1511 2966 (7)
1525 2939 1594 2962 Multi
1618 2940 1655 2962 dei
1679 2940 1813 2962 documenti
1836 2941 1879 2963 che
1902 2941 2094 2968 pubblicheremo
2116 2942 2309 2966 contemnerem

1428 2984 1538 3006 1’asserto
1553 2984 1731 3006 dell'Anonirno.
1747 2985 1755 3006 l
1771 2985 1880 3013 Paratiei,
1901 2991 1969 3008 come
1989 2986 2002 3008 e
2022 2988 2088 3014 noto,
2109 2992 2182 3010 erano
2202 2988 2223 3010 le
2244 2987 2310 3011 varie
2351 2987 2355 3019 J
2376 2979 2394 3019 ἶ

1425 3029 1587 3056 corporazioni
1603 3029 1678 3051 d'Arn
1693 3034 1706 3050 e
1715 3029 1822 3052 Mestieri
1832 3029 1854 3052 di
1866 3029 1946 3057 Pavia,
1955 3031 2016 3053 nulle
2025 3031 2089 3058 quali
2099 3031 2151 3054 vedi
2162 3031 2188 3054 C.
2200 3031 2308 3060 Pam-ml,
2347 3059 2359 3062 -
2378 3037 2397 3064 '7

1431 3073 1455 3095 s.
1471 3074 1534 3099 Siro,
1550 3073 1630 3100 pavia,
1645 3073 1708 3100 Fusi,
1725 3074 1784 3100 1890,
1799 3074 1846 3096 vol.
1862 3074 1889 3101 n,
1903 3080 1958 3102 pag.
1975 3075 2020 3098 lm.

1480 3116 1511 3143 (8)
1525 3116 1616 3142 Questo
1631 3117 1745 3139 dimostra
1759 3118 1781 3139 la
1795 3118 1883 3145 grande
1897 3118 2023 3142 diffusione
2043 3120 2086 3142 che
2105 3125 2181 3142 aven
2201 3121 2223 3142 la
2244 3120 2310 3142 diver
2360 3105 2396 3142 f·

1429 3162 1497 3184 zione
1511 3167 1524 3183 a
1539 3161 1563 3184 S.
1578 3161 1694 3189 Agostino
1707 3162 1810 3185 nell¹alta
1829 3163 1904 3191 ltalia,
1918 3163 1925 3185 i
1939 3163 1977 3186 cui
1997 3164 2097 3187 abitanti
2117 3165 2266 3187 confluimo
2284 3165 2308 3187 ιΙ
