2496 3600
123 159 134 173 ς.
135 158 180 175 ...

1938 253 1999 286 189

1027 538 1158 580 CVI.

109 686 123 691 Λ
224 632 225 635 ¹
274 644 333 675 Gli
356 645 553 674 Eremitani
578 645 786 683 supplicatio
810 646 997 676 Bonifacio
1021 647 1069 676 IX
1092 648 1220 684 perche
1245 656 1360 685 ponga
1383 647 1533 677 termine
1557 648 1629 677 alla
1655 648 1731 678 loro
1757 649 2002 678 controversia

108 696 117 737 ζ
133 698 138 730 ‘s
185 697 243 729 coi
266 697 436 727 Canonici
461 698 639 735 Regolari.

987 787 1127 813 1394
1146 787 1199 821 (1).

750 875 828 901 (Arch.
845 876 868 897 dl
883 875 960 902 Stato,
977 875 1065 898 Milano
1080 887 1106 890 —
1121 876 1227 903 Pergam.
1243 877 1265 898 di
1281 876 1304 899 S,
1321 877 1453 904 Agostino).

208 1011 426 1089 *ww*

266 1059 367 1178 B
423 1078 627 1138 ΙΕΑΤΙΞΒΙΜΕ
651 1073 760 1107 Pater.
786 1073 923 1106 Dudum
949 1072 1070 1107 Sancte
1096 1075 1254 1106 memorie
1280 1074 1438 1106 dominus
1463 1073 1629 1107 lohannes
1666 1073 1760 1116 Papa
1796 1074 1884 1106 XXll
1922 1073 2007 1108 San-

453 1137 576 1169 ctitatis
602 1138 713 1169 vestre
738 1136 961 1178 predecessor
985 1137 1101 1169 statuit
1126 1138 1157 1168 et
1182 1136 1351 1169 ordinavit
1375 1137 1467 1178 quod
1485 1136 1604 1169 fratres
1622 1137 1751 1169 ordinis
1770 1138 2004 1171 heremitarum

371 1140 426 1236 -Ι
453 1199 561 1232 sancti
586 1197 768 1240 Augustini
793 1198 919 1240 quibus
944 1198 1049 1239 presit
1077 1199 1169 1239 prior
1204 1198 1392 1230 secundum
1432 1198 1691 1231 observanciam
1729 1199 1838 1240 ipsius
1877 1199 2006 1232 ordinis

186 1262 281 1295 iuxta
305 1262 484 1295 ecclesiam
510 1261 704 1294 monasterii
730 1261 837 1293 sancti
863 1259 951 1293 Petri
977 1261 1009 1292 in
1035 1259 1119 1293 Celo
1144 1259 1257 1292 Aureo
1286 1261 1462 1302 papiensis
1499 1261 1551 1292 cui
1588 1262 1700 1302 preest
1736 1261 1844 1293 abbas
1870 1263 1902 1294 et
1926 1271 2007 1294 con-

187 1326 310 1357 ventus
334 1324 575 1356 canonicorum
601 1323 803 1365 regularium
828 1322 958 1355 ordinis
982 1323 1090 1355 sancti
1117 1322 1298 1364 Augustini
1339 1323 1481 1364 predicti
1506 1322 1631 1364 degant
1668 1323 1748 1355 inibi
1786 1323 2006 1365 ingrediendo

186 1388 220 1420 et
243 1386 450 1429 egrediendo
474 1386 598 1418 dictam
623 1385 803 1418 ecclesiam
829 1394 887 1426 per
912 1387 1042 1426 portam
1067 1387 1147 1417 tunc
1173 1385 1214 1417 de
1241 1394 1330 1417 novo
1356 1385 1436 1416 inibi
1462 1384 1651 1417 faciendam
1688 1386 1808 1426 postea
1833 1394 1913 1417 vero
1937 1385 2007 1418 fac-

186 1451 254 1483 tam
278 1458 339 1491 per
361 1448 481 1481 fratres
507 1448 744 1480 heremitarum
769 1447 953 1488 predictos,
979 1447 1131 1489 ipsorum
1157 1449 1267 1480 tamen
1283 1447 1489 1479 habitatione
1507 1456 1526 1479 a
1545 1447 1711 1479 dictorum
1729 1446 1874 1480 Abbatis
1891 1449 1923 1480 et
1940 1446 2006 1480 Ca-

183 1512 385 1545 'nonicor'um
410 1511 678 1544 habitationibus
703 1510 862 1542 distincta
887 1512 920 1542 et
944 1512 1100 1551 separata
1125 1509 1270 1542 totaliter
1306 1510 1482 1542 existente.
1509 1509 1555 1542 Ita
1579 1510 1671 1550 quod
1709 1509 1787 1542 dicti
1825 1509 1943 1542 Abbas
1975 1513 2007 1543 et

186 1572 388 1608 Conventus
413 1574 445 1606 in
471 1573 544 1606 suis
569 1559 837 1606 habitationibus
862 1573 1040 1614 nequirent
1065 1573 1220 1614 impediri
1246 1581 1285 1605 ac
1310 1573 1410 1604 etiam
1435 1572 1477 1604 de
1503 1572 1629 1604 divinis
1665 1571 1799 1611 officiis,
1824 1572 1939 1604 missis
1975 1574 2008 1605 et

186 1636 478 1679 predicationibus
503 1636 536 1668 in
561 1635 652 1668 dicta
677 1635 823 1668 ecclesia
847 1644 908 1677 per
932 1635 1043 1667 dictos
1068 1634 1261 1677 Religiosos
1302 1634 1525 1673 celebrandis,
1551 1636 1583 1667 et
1608 1634 1650 1666 de
1686 1634 1917 1667 oblationibus
1941 1643 2007 1676 que

186 1698 369 1732 offerentur
393 1699 426 1731 in
451 1698 546 1731 altari
572 1698 624 1731 vel
649 1698 729 1730 alibi
755 1698 788 1730 in
814 1698 1019 1730 monasterio
1044 1697 1225 1735 antedicto,
1251 1698 1283 1729 et
1308 1697 1350 1729 de
1375 1697 1529 1729 sedendo
1554 1697 1587 1729 in
1611 1697 1702 1729 dicta
1738 1696 1884 1729 ecclesia
1908 1698 1940 1729 et
1964 1697 2006 1729 de

188 1761 468 1804 processionibus
493 1762 525 1793 et
548 1761 591 1793 de
616 1760 893 1793 confessionibus
918 1760 1200 1802 parochianorum
1225 1759 1418 1799 audiendis,
1443 1761 1474 1791 et
1498 1759 1540 1791 de
1565 1759 1788 1792 sacramentis
1802 1759 2008 1792 ecclesiasti-

187 1823 238 1856 cis
261 1823 494 1856 ministrandis
518 1823 647 1856 eisdem
674 1831 733 1864 per
757 1822 910 1855 eiusdem
936 1823 1053 1855 sancte
1079 1822 1238 1854 memorie
1263 1821 1374 1854 extitit
1390 1821 1592 1853 ordinatum.
1611 1820 1651 1853 Et
1669 1821 1791 1853 deinde
1809 1830 1885 1853 curn
1903 1829 2008 1862 super

186 1885 360 1928 aliquibus
385 1886 613 1928 predictorum
638 1887 670 1918 et
695 1886 781 1918 inter
805 1885 978 1927 predictos
1003 1885 1211 1927 contingeret
1235 1884 1363 1925 aliquid
1389 1877 1620 1925 ambiguitatis
1645 1884 1780 1923 exoriri,
1814 1892 1918 1925 super
1942 1884 2007 1916 hiis

185 1948 364 1982 ordinandi
389 1949 476 1982 inter
498 1957 547 1988 se,
572 1950 672 1990 prout
696 1949 746 1980 eis
772 1947 942 1980 videbitur
955 1947 1161 1989 expeditius,
1187 1956 1247 1988 per
1271 1947 1382 1988 ipsum
1401 1946 1583 1979 Iohannem
1602 1945 1689 1978 XXll
1707 1955 1873 1978 concessa
1890 1946 1952 1978 fuit
1970 1946 2008 1978 li-

185 2013 316 2046 ciencia
339 2013 439 2054 prout
463 2012 496 2044 in
522 2011 639 2044 litteris
663 2010 873 2052 apostolicis,
898 2018 1041 2051 quorum
1066 2011 1215 2042 tenorem
1242 2009 1364 2042 habere
1390 2009 1574 2050 dignemini
1599 2018 1642 2041 ex
1668 2010 1758 2041 certa
1781 2008 1921 2041 scientia
1946 2017 2007 2049 pro

185 2083 365 2117 expreSSO,
389 2074 491 2108 latius
515 2075 548 2107 et
571 2073 736 2107 seriosius
760 2073 959 2106 continetur.

275 2135 426 2176 Quarum
451 2138 608 2178 pretextu
634 2135 758 2168 deinde
784 2136 869 2168 inter
892 2135 1002 2168 dictas
1026 2136 1140 2176 partes
1165 2136 1255 2167 certa
1281 2134 1415 2167 fuerunt
1428 2134 1534 2166 inhita
1551 2135 1660 2175 pacta,
1678 2135 1710 2166 et
1728 2134 1812 2166 inter
1828 2133 1893 2165 alia
1911 2133 2002 2174 quod

185 2199 352 2242 quidquid
377 2199 507 2232 veniret
531 2198 574 2231 ad
599 2198 724 2231 dictam
749 2197 927 2230 ecclesiam
952 2197 1087 2230 racione
1111 2196 1299 2229 oblacionis
1325 2196 1378 2229 vel
1404 2196 1473 2228 voti
1499 2195 1552 2229 vel
1579 2196 1705 2228 ratione
1721 2195 1850 2228 funeris
1875 2194 1928 2227 vel
1954 2203 2007 2227 se—

185 2261 330 2304 pulture,
348 2263 456 2294 totum
481 2269 558 2293 esse
573 2269 752 2293 commune
777 2259 900 2292 Abbati
927 2261 959 2292 et
984 2268 1047 2292 suo
1072 2259 1265 2298 conventui,
1290 2260 1322 2291 et
1347 2257 1453 2290 Priori
1479 2259 1512 2290 et
1536 2266 1599 2291 suo
1635 2258 1817 2290 conventui
1843 2258 1887 2290 ita
1913 2257 2004 2299 quod

185 2333 246 2367 per
270 2324 419 2357 medium
446 2324 530 2356 inter
554 2331 615 2356 eos
639 2322 857 2361 divideretur,
882 2323 915 2355 et
939 2315 1028 2354 idem
1041 2322 1134 2354 fieret
1158 2321 1200 2354 de
1224 2321 1314 2353 omni
1341 2329 1381 2353 eo
1406 2321 1498 2362 quod
1516 2321 1702 2353 comuniter
1715 2319 1767 2352 vel
1782 2319 2007 2352 indifferenter

183 2387 406 2420 dimitteretur
430 2385 575 2419 ecclesie
600 2385 779 2424 antedicte,
805 2386 904 2426 prout
929 2385 962 2417 in
987 2385 1096 2426 pactis
1121 2384 1315 2416 huiusmodi
1340 2385 1432 2425 patet
1456 2383 1594 2424 publico
1608 2372 1830 2415 instrumento
1855 2382 2005 2423 predicta

183 2451 216 2482 et
233 2449 330 2491 plura
355 2448 422 2481 alia
446 2448 650 2487 continente,
675 2447 773 2480 cuius
798 2449 948 2479 tenorem
974 2446 1097 2479 habere
1122 2446 1306 2488 dignemini
1331 2454 1392 2487 pro
1417 2444 1624 2478 sufficienter
1647 2453 1824 2486 expresso.

274 2511 314 2544 Et
339 2512 480 2552 insuper
505 2519 580 2543 cum
605 2510 638 2542 in
664 2509 783 2542 litteris
807 2509 1006 2551 apostolicis
1031 2508 1238 2550 supradictis
1262 2507 1390 2540 eisdem
1416 2506 1522 2539 Priori
1549 2508 1581 2539 et
1598 2505 1789 2540 Conventui
1807 2506 1906 2539 fuerit
1923 2515 2004 2539 con-

185 2583 320 2608 cessum
345 2574 439 2616 quod
465 2573 545 2606 dicti
571 2571 689 2605 Abbas
714 2573 746 2604 et
771 2570 969 2605 Conventus
994 2571 1148 2604 eiusdem
1174 2571 1320 2603 vendere
1345 2571 1537 2602 tenerentur
1561 2578 1776 2610 quecumque
1795 2568 1868 2601 loca
1886 2577 2005 2601 neces-

183 2637 273 2670 saria
298 2636 438 2675 eisdem,
463 2638 494 2668 et
519 2636 728 2677 reperiantur
752 2634 864 2676 alique
890 2633 1104 2666 venditiones
1128 2633 1214 2666 facte
1240 2633 1340 2665 certis
1365 2631 1525 2665 fratribus
1550 2631 1630 2664 dicti
1656 2632 1844 2664 conventus
1870 2631 2004 2663 nomine

188 2699 298 2742 ipsius
323 2700 514 2732 conventus
538 2698 580 2731 de
606 2698 708 2731 certis
732 2697 829 2730 terris
854 2698 886 2729 et
909 2697 952 2729 de
977 2695 1061 2729 locis
1085 2695 1151 2728 sub
1176 2697 1265 2728 certa
1290 2697 1401 2727 tamen
1427 2694 1563 2727 annuali
1589 2693 1806 2735 prestatione,
1843 2702 1918 2726 cum
1955 2695 2005 2726 ta-

186 2771 262 2796 men
288 2762 382 2795 iuxta
407 2763 552 2794 mentem
577 2761 742 2793 dictarum
769 2759 951 2792 litterarum
976 2758 1239 2800 apostolicarum
1266 2757 1480 2790 venditiones
1509 2757 1583 2798 ipse
1613 2756 1773 2789 deberent
1798 2758 1833 2788 ut
1857 2756 2004 2789 creditur

239 2919 271 2945 (1)
285 2919 423 2947 L'originale
437 2919 460 2941 di
476 2920 562 2946 questo
585 2918 726 2940 documento
747 2923 793 2940 non
808 2917 837 2939 ha
845 2917 928 2939 alcuna
936 2916 999 2938 data,
1011 2916 1061 2939 Una
1115 2921 1176 2938 anno
1192 2915 1206 2937 il
1222 2921 1334 2942 processo
1349 2921 1394 2937 non
1410 2920 1449 2937 era
1465 2920 1551 2936 ancora
1571 2914 1742 2941 incominciato,
1764 2919 1830 2936 come
1845 2913 1864 2935 si
1879 2913 1938 2935 vede
1959 2913 1997 2935 dal

187 2969 256 2987 mano
270 2965 362 2986 recente
376 2964 399 2986 vl
414 2964 444 2986 ha
457 2964 561 2991 apponte
577 2962 654 2990 quena
675 2962 712 2984 del
736 2962 801 2988 1392;
823 2967 860 2983 ma
883 2962 1066 2983 erroneamente.
1122 2960 1174 2982 doc.
1190 2965 1212 2981 n.
1228 2959 1264 2982 Cl.
1281 2958 1362 2981 percio
1377 2959 1391 2980 il
1407 2960 1488 2980 nostro
1504 2958 1645 2980 documento
1660 2957 1719 2980 deve
1733 2962 1812 2979 essere
1826 2958 1891 2979 stato
1905 2962 1999 2984 presen-

187 3001 264 3032 inrn'ffl
279 3009 302 3031 in
317 3009 402 3036 questo
417 3008 558 3030 documento
573 3008 592 3030 si
608 3007 673 3035 paria
695 3007 755 3029 dena
777 3006 933 3028 interruzlone
955 3005 991 3027 del
1014 3010 1067 3031 pro-
1121 3005 1171 3026 tato
1186 3003 1222 3025 sul
1237 3003 1302 3025 iinlre
1317 3003 1354 3024 del
1371 3002 1429 3030 1393,
1451 3007 1538 3024 ovvero
1553 3001 1589 3024 sul
1605 3001 1718 3029 principio
1733 3001 1770 3023 del
1793 3000 1851 3024 139⁴.
1874 3000 1997 3024 crediamo

185 3046 263 3081 0:310,
273 3053 406 3080 intraprao
416 3052 454 3075 dal
464 3051 587 3075 Cardlnale
598 3052 727 3074 Francesco
737 3051 831 3078 Pisano,
841 3051 959 3072 avvenuta
969 3049 1064 3076 quando
1119 3048 1159 3076 plu
1176 3048 1297 3075 probabile
1312 3048 1396 3074 questa
1410 3046 1513 3069 seconde
1527 3046 1591 3073 data,
1607 3046 1691 3073 perche
1713 3046 1829 3068 troviarno
1843 3046 1885 3068 che
1900 3045 1923 3067 in
1944 3051 1998 3067 con-

186 3097 224 3125 tla
237 3097 258 3120 st
272 3103 312 3120 era
327 3089 436 3124 pressim!
450 3097 496 3119 alla
510 3098 630 3119 sentenza.
652 3091 700 3118 Ora
714 3095 751 3118 clo
765 3101 811 3117 non
833 3094 881 3122 put>
902 3099 981 3116 essere
995 3099 1064 3116 avve-
1118 3098 1236 3120 seguenza
1251 3092 1288 3114 del
1303 3093 1385 3114 nostro
1399 3092 1549 3118 documento,
1565 3090 1684 3114 sonnacio
1700 3091 1729 3113 lx
1739 3091 1819 3120 elegge
1830 3091 1844 3112 ίΙ
1856 3095 1934 3112 nuovo
1948 3090 1997 3116 giu-

185 3141 244 3164 nuto
257 3141 300 3164 che
313 3141 351 3163 nel
366 3141 418 3164 ¹39³
431 3141 551 3167 inonratoe
567 3139 649 3167 poiche
663 3139 700 3161 nel
715 3144 779 3161 mese
793 3139 815 3160 dl
831 3138 929 3166 gennalo
940 3138 962 3159 di
978 3139 1063 3164 questo
1117 3137 1168 3159 dice
1183 3142 1227 3159 eon
1242 3141 1287 3158 una
1302 3136 1363 3158 bona
1379 3135 1416 3158 del
1429 3136 1443 3158 7
1457 3135 1530 3162 aprile
1547 3135 1604 3158 1394.
