2496 3600
1995 274 2034 306 91

158 392 162 394 v
215 402 309 437 dicto
331 402 466 436 nomine
490 401 571 435 dare
595 403 629 435 et
652 401 786 435 solvere
810 402 925 435 fictum
950 403 983 435 et
1007 402 1142 435 nomine
1167 402 1235 436 ficti
1261 403 1294 435 in
1319 402 1408 436 testo
1432 403 1541 436 sancti
1556 403 1693 436 Martini
1712 405 1866 446 proxime
1885 408 2038 446 venturo,

216 466 251 501 et
273 464 397 499 deinde
421 464 512 497 omni
536 472 626 496 anno
648 472 786 506 semper
810 464 843 496 in
868 464 960 497 dicto
984 464 1072 498 festo
1108 465 1216 498 sancti
1252 465 1401 504 Martini,
1437 474 1547 507 usque
1571 466 1614 498 ad
1640 466 1766 499 dictum
1803 468 2041 500 concessionis

215 528 361 569 tempus,
383 522 543 559 denarios
567 527 714 567 quatuor
737 526 934 568 papienses.
960 525 1035 565 Que
1062 528 1175 560 omnia
1199 529 1232 560 et
1256 527 1392 569 singula
1416 528 1497 560 dicti
1522 528 1761 561 contrahentes
1786 528 1952 561 dictorum
1979 539 2040 562 no-

215 588 364 623 minibus
386 590 619 622 convenerunt
643 589 676 621 et
700 588 948 630 promisserunt
973 589 1059 622 inter
1082 598 1119 622 se
1145 589 1298 624 vicissim
1323 591 1404 629 rata,
1429 591 1525 632 grata
1549 592 1581 623 et
1605 590 1700 622 firma
1726 590 1851 623 habere
1876 593 1908 623 et
1925 593 2039 624 tenere

215 652 248 685 et
271 659 338 684 non
362 649 592 684 contrafacere
617 649 671 683 vel
696 650 812 683 venire
837 650 952 692 aliqua
984 651 1120 684 racione
1145 651 1199 684 vel
1225 660 1330 684 causa
1355 652 1398 684 de
1423 652 1494 684 iure
1520 652 1573 685 vel
1599 652 1642 685 de
1667 652 1768 692 racto,
1793 654 1845 685 set
1869 661 1910 685 ea
1926 654 2039 686 omnia

214 714 249 746 et
270 711 404 755 singula
427 712 601 745 attendere
626 713 659 745 et
682 712 866 745 observare
892 713 958 746 sub
982 722 1071 754 pena
1097 714 1327 746 restitucionis
1351 714 1502 746 omnium
1520 716 1552 747 et
1570 714 1780 756 singulorum
1803 715 2038 756 dampnorum,

118 763 142 796 35
159 790 164 805 1
214 775 378 813 interesse
401 775 435 807 et
457 783 687 816 expensarum
723 774 791 807 litis
816 776 848 807 et
872 777 979 815 extra,
1005 776 1090 808 inter
1125 776 1236 809 dictos
1272 777 1522 816 contrahentes,
1547 777 1714 809 dictorum
1751 777 1957 816 nominibus,
1983 786 2040 810 so-

215 836 391 878 lempniter
413 836 639 878 stipulacione
665 837 832 878 premissa
857 823 889 870 et
913 837 1080 870 solvenda
1105 838 1138 870 in
1163 838 1312 871 denariis
1337 839 1532 878 numeratis,
1558 839 1658 871 simul
1683 848 1759 872 cum
1785 840 1949 881 expensis
1967 849 2039 872 om-

215 898 350 932 mnibus
373 900 406 932 et
429 898 575 941 singulis
599 908 666 940 que
690 899 809 932 tierent
833 900 936 932 modo
960 900 1076 942 aliquo
1101 909 1162 942 pro
1188 901 1351 942 predictis
1387 901 1546 942 petendis
1570 903 1603 934 et
1627 902 1818 944 exigendis.
1856 900 2040 935 Credendo

214 961 300 995 inter
322 969 359 994 se
384 961 536 994 vicissim
561 962 594 994 et
617 961 730 1003 agenti
756 962 892 995 nomine
917 962 998 995 dicti
1023 963 1218 996 monasterii
1244 964 1276 995 in
1302 972 1418 996 eorum
1443 964 1535 996 dicto
1553 964 1626 996 sine
1644 966 1857 997 sacramento
1881 964 2040 997 faciendo

213 1023 257 1057 de
280 1023 444 1066 expensis
469 1023 547 1056 inde
571 1023 682 1063 factis,
707 1026 807 1066 prout
831 1033 912 1066 pars
936 1025 1022 1066 parti
1059 1025 1193 1058 dixerit.
1219 1025 1260 1058 Et
1284 1035 1346 1067 pro
1371 1026 1534 1067 predictis
1570 1027 1730 1059 omnibus
1755 1029 1787 1059 et
1812 1027 1957 1069 singulis
1981 1027 2037 1059 fir-

213 1085 310 1119 miter
331 1085 558 1126 attendendis,
583 1085 761 1119 solvendis
785 1088 818 1119 et
842 1086 1070 1120 observandis
1105 1087 1186 1120 dicti
1211 1088 1451 1120 contrahentes
1475 1090 1507 1121 et
1531 1089 1632 1121 dictis
1669 1089 1864 1121 nominibus
1889 1089 1974 1121 inter
1999 1098 2038 1122 se

214 1147 364 1181 vicissim
389 1147 549 1180 videlicet
572 1148 653 1180 dicti
679 1148 838 1182 dominus
863 1148 982 1182 Abbas
1007 1151 1039 1182 et
1064 1149 1197 1182 Fratres
1222 1158 1283 1182 seu
1309 1148 1474 1182 Canonici
1499 1151 1612 1183 omnia
1637 1151 1727 1183 bona
1744 1151 1824 1184 dicti
1843 1152 2037 1184 monasterii

119 1202 149 1242 ss‘,
211 1209 303 1244 dicto
325 1209 417 1242 fratri
442 1209 581 1242 Iohanni
607 1210 740 1243 sindico
765 1212 798 1243 et
822 1211 1032 1252 procuratori
1058 1211 1243 1244 sindicario
1267 1213 1300 1244 et
1325 1213 1558 1253 procuratorio
1584 1213 1719 1245 nomine
1753 1213 1919 1245 dictorum
1945 1214 2039 1254 capi—

212 1270 283 1312 tuli,
307 1273 497 1305 conventus
513 1274 546 1305 et
569 1271 708 1305 fratrum
734 1273 909 1314 recipienti
935 1275 967 1305 et
991 1273 1178 1314 stipulanti,
1196 1275 1228 1306 et
1245 1274 1358 1306 dictus
1382 1273 1484 1306 frater
1508 1274 1675 1307 Iohannes
1693 1275 1877 1307 sindicario
1903 1278 1934 1308 et
1960 1285 2039 1317 pro-

212 1334 380 1368 curatorio
403 1334 539 1367 nomine
564 1335 730 1368 dictorum
756 1335 906 1376 capituli,
931 1337 1122 1368 conventus
1146 1338 1179 1368 et
1203 1336 1351 1376 fratrum,
1370 1337 1471 1369 dictis
1496 1337 1634 1369 domino
1659 1336 1783 1370 Abbati
1809 1339 1841 1370 et
1866 1337 2041 1371 Fratribus

212 1404 274 1430 seu
298 1394 483 1430 Canonicis
508 1397 644 1430 nomine
669 1397 750 1430 dicti
776 1398 970 1430 monasterii
1008 1398 1262 1439 recipientibus,
1288 1399 1421 1440 pignori
1447 1401 1479 1431 et
1504 1399 1672 1440 ypothece
1713 1400 1960 1442 obligaverunt.
1999 1400 2038 1432 Et

124 1437 173 1501 ”-
213 1467 275 1502 pro
298 1459 361 1492 hac
386 1459 585 1492 investitura
608 1458 743 1492 fuerunt
767 1459 917 1492 confessi
942 1460 1023 1492 dicti
1049 1460 1208 1493 dominus
1233 1459 1352 1494 Abbas
1377 1462 1410 1493 et
1434 1460 1567 1494 Fratres
1592 1470 1653 1494 seu
1679 1460 1844 1494 Canonici
1870 1462 1961 1495 dicto
1979 1472 2039 1495 no-

213 1521 301 1559 mine
325 1529 447 1554 versus
471 1521 598 1554 dictum
623 1521 758 1554 tratrem
784 1521 966 1555 Iohannem
993 1522 1085 1555 dicto
1110 1523 1246 1555 nomine
1271 1523 1501 1564 recipientem,
1538 1532 1575 1556 se
1608 1524 1786 1565 accepisse
1812 1525 1855 1556 ab
1880 1533 1921 1557 eo
1946 1525 2039 1557 dicto

212 1582 346 1616 nomine
371 1592 471 1616 unam
498 1584 622 1616 bonam
647 1583 842 1626 anguillam.
868 1583 1112 1619 Renunciando
1137 1585 1229 1617 dicto
1255 1585 1390 1618 nomine
1423 1586 1618 1627 exceptioni
1645 1595 1710 1618 non
1748 1588 1888 1628 accepte
1913 1589 1946 1619 et
1971 1596 2037 1619 non

171 1669 176 1674 .
211 1644 324 1679 habite
348 1645 437 1679 dicte
462 1646 672 1679 investiture.
698 1645 739 1679 Et
763 1646 1047 1679 renunciaverunt
1071 1647 1151 1679 dicti
1186 1647 1425 1680 contrahentes
1450 1649 1482 1680 et
1507 1648 1608 1681 dictis
1645 1649 1852 1687 nominibus,
1878 1649 2038 1681 omnibus

211 1707 471 1750 probationibus
494 1710 528 1741 et
551 1708 837 1750 productionibus
872 1709 1009 1741 testium
1045 1709 1206 1750 omnique
1235 1709 1290 1742 alii
1317 1710 1390 1749 iuri,
1416 1711 1611 1751 exceptioni
1637 1713 1669 1743 et
1694 1710 1895 1743 deffensioni
1921 1714 2038 1743 contra

212 1769 284 1803 hec.
309 1769 350 1802 Et
374 1769 453 1803 inde
477 1770 558 1803 dicti
584 1770 823 1804 contrahentes
847 1772 880 1803 et
904 1771 1005 1804 dictis
1030 1771 1226 1804 nominibus
1251 1772 1337 1804 hanc
1374 1773 1500 1804 cartam
1526 1774 1558 1805 et
1583 1772 1698 1814 plures
1723 1782 1791 1805 uno
1815 1774 1930 1805 tenore
1967 1774 2037 1806 fieri

211 1834 423 1875 rogaverunt.
450 1832 631 1866 Interfuere
657 1832 929 1867 Franceschinus
965 1833 1188 1874 Bellixomus,
1213 1833 1432 1876 Philippinus
1456 1835 1499 1867 de
1525 1833 1728 1868 Sclafenatis
1753 1837 1785 1868 et
1809 1835 1959 1868 Zaninus
1996 1837 2039 1868 de

113 1870 141 1924 ’.Ἰ
211 1890 412 1928 Sclafenatis
436 1894 526 1927 tilius
551 1894 724 1937 quondam
751 1894 891 1935 Alberti,
916 1895 994 1928 inde
1019 1897 1136 1929 testes.

278 1955 351 1999 Ego
374 1955 496 1990 Petrus
521 1957 564 1990 de
588 1955 792 1991 Sclafenatis
816 1957 907 1991 iilius
931 1958 1104 1999 quondam
1129 1958 1256 1991 domini
1283 1958 1417 1999 lacomi,
1454 1959 1614 2001 publicus
1640 1960 1805 2001 imperiali
1838 1961 2038 1993 auctoritate

212 2018 363 2055 notarius
386 2019 685 2061 papiensis‚‚hanc
710 2022 836 2053 cartam
861 2020 942 2052 mihi
966 2021 1037 2053 fieri
1064 2021 1192 2055 iussam
1217 2021 1364 2054 traddidi
1391 2023 1423 2054 et
1447 2022 1581 2063 scripsi.

1042 2231 1206 2272 XLV.

301 2338 461 2368 Montino
485 2339 678 2377 Bottigella
703 2340 930 2370 arcidiacono
954 2341 990 2370 di
1016 2341 1140 2377 Pavia,
1166 2349 1229 2379 per
1254 2341 1410 2371 inearico
1435 2341 1492 2371 del
1517 2341 1623 2371 Card.
1650 2342 1848 2371 Bertrando
1873 2342 1930 2372 del
1948 2343 2041 2380 Pog-

214 2393 322 2428 κεῖτο,
346 2391 490 2429 obbliga
514 2392 526 2421 i
549 2393 761 2423 Latet-anesi
786 2393 822 2423 di
847 2394 884 2423 S.
910 2393 1031 2424 Pietro
1067 2402 1088 2423 a
1124 2394 1250 2424 cedere
1286 2394 1357 2432 agli
1381 2394 1578 2424 Eremitani
1609 2403 1678 2424 una
1702 2399 1802 2432 parte
1827 2395 1863 2424 di
1888 2395 2038 2434 edificio,

214 2444 308 2474 meta
331 2443 414 2474 dell'
426 2445 518 2475 atrio
542 2454 561 2475 e
584 2445 620 2475 la
645 2445 771 2475 chiave
795 2446 890 2476 della
915 2446 1057 2482 chiesa,
1084 2456 1105 2476 a
1130 2455 1339 2477 concor-rere
1364 2447 1434 2477 alle
1459 2456 1564 2485 spese
1590 2447 1625 2477 di
1650 2452 1813 2477 restauro
1838 2448 1874 2477 di
1899 2457 1993 2487 essa,
2019 2458 2040 2478 e

214 2495 261 2526 ad
283 2504 472 2528 osser-vare
496 2498 620 2528 alcune
644 2499 888 2536 prescrizioni.

828 2613 985 2646 136⁷,
1013 2614 1335 2647 dloembr39
1362 2615 1416 2641 8.

776 2699 854 2726 (Arch.
869 2700 892 2723 dl
907 2700 984 2728 Statu,
999 2701 1088 2724 Milano
1102 2713 1128 2717 -
1143 2701 1249 2730 Pergam.
1265 2702 1288 2724 di
1303 2702 1326 2724 S.
1342 2702 1474 2730 Agostino).

288 2882 407 3003 Α
459 2902 540 2931 ΝΝΟ
563 2907 584 2931 a
607 2898 791 2932 Nativitate
816 2897 952 2931 Domini
978 2898 1158 2932 millesimo
1182 2900 1439 2932 trecentessimo
1475 2900 1781 2942 quinquagessimo
1805 2902 1963 2943 septimo,
1988 2902 2040 2934 in-

480 2961 629 2994 dictione
653 2961 797 3001 decima‚
821 2961 876 2994 die
901 2961 1036 2994 veneris
1060 2963 1183 2994 octavo
1208 2962 1336 2995 mensis
1360 2962 1563 3002 decembris,
1581 2962 1663 2996 hora
1687 2964 1819 3002 octave,
1838 2964 1870 2996 in
1888 2963 2038 2997 claustro

480 3023 603 3057 domus
627 3022 768 3057 Ordinis
792 3023 943 3057 Fratrum
969 3023 1214 3057 Heremitarum
1251 3025 1359 3057 sancti
1395 3023 1588 3067 Augustini,
1628 3027 1706 3068 syto
1734 3026 1829 3059 iuxta
1855 3026 2036 3060 ecclesiam

217 3083 326 3117 sancti
350 3083 439 3118 Petri
463 3085 497 3118 in
521 3085 597 3119 celo
620 3094 724 3119 aureo
748 3086 936 3128 papiensis,
961 3086 994 3119 in
1019 3086 1197 3128 presencia
1229 3087 1435 3120 venerabilis
1471 3087 1532 3120 viri
1569 3087 1698 3121 domini
1722 3088 1869 3121 Montini
1894 3089 1936 3122 de
1970 3088 2041 3122 Bu-
