2496 3600
62 354 109 416 ’ᾗ
158 379 230 403 rum
254 369 363 402 eidem
398 368 542 401 ecclesie
579 368 810 410 impositarum
835 378 896 410 per
919 368 1151 410 Apostolicam
1176 367 1299 402 Sedem
1324 371 1356 402 et
1380 370 1454 402 eius
1479 370 1623 412 Legatos
1648 373 1680 403 et
1705 371 1914 412 Episcopos‚
1940 374 1971 404 et

71 422 76 431 ³
100 438 121 446 ·'
157 429 343 466 Commune
368 429 484 472 Papie,
509 430 703 469 honeribus,
729 430 762 462 in
786 413 914 462 tantufn
939 431 1113 472 depressa,
1139 431 1230 472 quod
1257 432 1332 472 ipsa
1356 431 1512 470 ecclesia,
1545 433 1610 464 iam
1635 435 1712 465 sunt
1748 433 1825 465 anni
1855 434 1971 474 viginti

158 495 191 526 et
214 493 339 535 plures,
363 492 424 524 tuit
461 492 684 525 servitoribus
709 493 741 524 et
765 492 926 524 ministris
951 494 983 524 et
1018 492 1150 526 clericis
1182 493 1393 526 secularibus
1418 494 1450 526 in
1475 494 1718 535 temporalibus
1753 497 1785 527 et
1817 495 1974 536 spiritua-

158 555 247 588 libus
271 555 441 594 destituta,
466 555 611 596 excepto
636 554 726 586 dicto
763 553 803 585 D.
830 552 987 586 Guidone
1024 554 1212 596 Preposito,
1249 555 1306 596 qui
1343 555 1478 595 ibidem,
1512 558 1649 598 propter
1685 557 1793 598 ipsius
1829 557 1972 590 ecclesie

158 618 388 658 paupertatem
413 625 452 648 ac
477 616 635 657 inopiam,
661 625 680 648 a
704 615 795 648 dicto
819 617 970 656 tempore
995 616 1087 655 citra,
1113 617 1232 649 morari
1259 626 1325 649 non
1351 618 1469 658 potuit,
1502 627 1564 650 nec
1600 618 1709 650 eidem
1736 619 1767 650 in
1793 619 1975 660 spirituali-

158 678 223 711 bus
246 677 392 710 Domino
417 678 588 710 deservire
613 679 645 710 et
670 678 702 709 in
727 677 817 709 dicta
841 677 987 710 ecclesia
1011 678 1189 720 religiosos
1226 679 1317 711 viros
1343 681 1374 711 et
1399 679 1594 721 religiosum
1631 679 1791 712 Ordinem
1818 682 1849 713 et
1885 679 1976 713 Con-

158 741 294 773 ventum
320 739 468 772 Fratrum
494 739 712 772 Eremitarum
737 737 770 772 S.
796 738 975 781 Augustini
1002 740 1183 781 recepisse,
1209 741 1265 781 qui
1292 741 1423 773 Fratres
1448 750 1467 773 a
1492 741 1582 774 dicto
1607 743 1757 783 tempore
1797 743 1878 775 citra
1915 743 1976 775 ibi-

158 802 234 835 dem
259 803 292 834 in
317 801 463 834 Domino
487 810 524 834 se
564 801 777 834 laudabiliter
816 801 1015 841 habuerunt,
1057 802 1144 834 bone
1182 803 1340 835 memorie
1381 803 1551 844 quondam
1577 802 1618 836 D.
1644 803 1787 838 Rubaldi
1814 804 1975 846 Episcopi

158 863 264 906 Papie
288 864 470 897 accedente
495 872 664 896 consensu
690 860 759 904 (1),
785 865 817 895 et
842 863 1041 896 recollentes
1066 864 1145 896 dicti
1171 864 1440 898 Archidiaconus
1473 867 1504 898 et
1533 866 1686 899 Vicarius
1712 868 1744 899 et
1776 866 1975 908 Prepositus

158 927 259 968 atque
298 924 491 967 Capitulum
531 925 798 966 suprascriptum
840 925 931 966 quod
968 934 1098 958 sacram
1135 925 1343 968 Religionem
1379 927 1562 968 plantatam
1598 928 1712 961 fovere
1748 930 1879 961 tenetur
1903 929 1977 970 qui-

160 987 240 1021 libet
263 988 358 1020 iuxta
381 988 564 1020 canonicas
588 987 793 1026 sanctiones,
826 988 858 1019 et
883 987 1138 1020 considerantes
1175 997 1213 1020 ac
1247 989 1412 1028 videntes,
1449 990 1592 1030 qualiter
1627 990 1791 1023 dictorum
1829 991 1977 1023 Fratrum

159 1051 192 1083 et
215 1050 295 1082 dicti
320 1049 458 1083 Ordinis
483 1051 600 1082 sancta
632 1049 805 1090 plantatio,
831 1058 874 1081 ex
899 1058 968 1090 quo
994 1049 1069 1090 ipsa
1105 1050 1203 1090 quasi
1233 1051 1311 1082 vitis
1347 1050 1526 1090 fructifera,
1563 1053 1595 1084 et
1631 1053 1706 1093 ipsa
1742 1054 1838 1094 quasi
1876 1054 1974 1085 vinea

159 1111 294 1144 Domini
319 1121 380 1153 pro
415 1112 625 1154 temporibus
661 1111 835 1153 polulavit‚
861 1114 893 1144 et
918 1112 1074 1153 palmites
1099 1112 1198 1153 longe
1232 1112 1365 1154 lateque
1402 1114 1604 1154 producens,
1630 1115 1673 1147 ad
1710 1115 1877 1147 mortifera
1913 1116 1976 1148 cir-

161 1183 374 1216 cumquaque
400 1183 530 1207 venena
553 1174 721 1216 pellenda,
757 1174 858 1206 flores
894 1174 1031 1215 protulit
1067 1176 1099 1207 et
1135 1175 1239 1206 verbo
1276 1175 1516 1216 predicationis
1548 1178 1580 1208 et
1609 1177 1675 1209 vite
1704 1178 1861 1218 exemplo
1897 1177 1980 1210 odo—

161 1245 215 1269 res
249 1236 375 1276 effudit,
401 1237 433 1268 in
457 1238 596 1275 tantum,
621 1236 713 1277 quod
738 1222 799 1277 per
823 1236 1018 1277 religionem
1043 1245 1082 1268 ac
1108 1237 1197 1277 piam
1223 1236 1438 1269 devotionem
1463 1238 1612 1270 fidelium
1645 1248 1750 1280 prope
1776 1239 1899 1271 dictam
1925 1248 1980 1271 ec-

161 1297 298 1331 clesiam
322 1298 392 1330 flox
417 1298 658 1331 huiussemode
683 1298 871 1330 honestatis
896 1298 928 1330 in
954 1297 1100 1330 Domino
1125 1300 1176 1330 est
1201 1298 1371 1339 plantatus
1396 1296 1458 1340 (3),
1483 1302 1516 1332 et
1539 1309 1600 1341 per
1624 1309 1684 1333 eos
1709 1301 1839 1333 Fratres
1877 1310 1979 1342 posse

161 1361 249 1394 dicte
273 1360 417 1393 ecclesie
442 1361 474 1392 ln
499 1359 709 1410 Dominosac
734 1360 859 1393 divinis
885 1360 1006 1393 officiis
1042 1360 1163 1392 melius
1198 1362 1230 1393 et
1266 1361 1478 1394 commodius
1514 1371 1614 1403 quam
1649 1372 1708 1403 per
1743 1363 1828 1395 alios
1868 1363 1982 1395 deser-

162 1423 235 1462 viri,
259 1431 298 1455 ac
323 1422 448 1454 dictum
484 1421 697 1464 Prepositum
734 1421 926 1455 Guidonem
951 1422 1039 1454 nolle
1065 1431 1126 1454 nec
1151 1431 1255 1463 posse
1281 1425 1418 1464 propter
1442 1424 1550 1464 ipsius
1579 1426 1809 1465 paupertatem
1835 1425 1866 1456 in
1893 1425 1981 1457 dicta

162 1484 307 1518 ecclesia
331 1485 539 1524 commorari,
565 1493 627 1517 nec
651 1485 751 1517 etiam
787 1484 920 1525 aliquos
957 1484 1129 1516 seculares
1159 1483 1302 1517 clericos
1327 1485 1358 1516 in
1384 1485 1474 1518 dicta
1510 1486 1655 1518 ecclesia
1691 1487 1891 1519 constitutos
1923 1496 1983 1528 per

162 1555 250 1588 quos
273 1547 383 1588 possit
407 1547 439 1579 in
464 1547 554 1579 dicta
578 1546 724 1579 ecclesia
749 1547 781 1578 in
806 1545 1039 1587 spiritualibus
1076 1546 1255 1586 deserviri,
1281 1546 1323 1579 ad
1350 1547 1510 1579 honorem
1536 1546 1599 1580 Dei
1625 1549 1657 1580 et
1681 1548 1725 1593 ob
1762 1549 1981 1581 reverentiam

163 1609 252 1642 beati
277 1607 456 1651 Augustini
493 1610 526 1641 et
560 1608 757 1650 Apostolice
797 1606 912 1648 Sedis,
938 1608 970 1640 in
996 1608 1093 1640 cuius
1130 1609 1247 1641 ordine
1273 1610 1305 1641 et
1330 1610 1516 1642 reverentia
1551 1609 1662 1642 dictus
1698 1609 1791 1643 Ordo
1828 1612 1859 1643 et
1895 1611 1983 1643 dicta

164 1669 293 1713 Religio
317 1672 369 1703 est
393 1670 552 1712 plantata,
577 1670 619 1703 de
644 1670 816 1703 voluntate
841 1672 873 1703 et
898 1679 1068 1703 consensu
1094 1670 1173 1703 dicti
1199 1669 1358 1712 Capituli,
1383 1672 1415 1703 et
1442 1671 1567 1704 dictum
1593 1670 1787 1713 Capitulum
1813 1682 1879 1704 una
1908 1682 1982 1705 cum

162 1732 253 1766 dicto
277 1732 526 1766 Archidiacono
551 1735 583 1765 et
607 1732 741 1765 Vicario
777 1734 810 1765 et
845 1731 1035 1775 Preposito‚
1065 1734 1317 1772 concesserunt,
1353 1733 1610 1775 applicaverunt
1645 1734 1768 1766 dictam
1805 1734 1983 1767 ecclesiam

163 1793 197 1828 S.
221 1795 383 1828 Mustiole
409 1804 475 1827 una
499 1804 575 1827 cum
601 1795 764 1827 cimiterio
800 1795 909 1836 ipsius
934 1796 966 1827 et
990 1804 1066 1827 cum
1095 1794 1304 1836 aliquantulo
1329 1795 1402 1834 orti,
1427 1796 1613 1843 etiuribus
1648 1795 1769 1837 platee,
1806 1805 1845 1828 ac
1878 1796 1983 1828 dona-

161 1857 286 1890 tionem
309 1857 460 1890 fecerunt
485 1857 517 1890 in
542 1859 741 1899 perpetuum
767 1857 870 1890 Fratri
897 1857 1025 1891 Uberto
1050 1858 1092 1890 de
1122 1858 1271 1890 Novaria
1307 1857 1413 1890 Priori
1445 1858 1525 1890 dicti
1562 1857 1701 1891 Ordinis
1725 1860 1757 1891 et
1782 1857 1981 1891 Conventus

163 1917 197 1952 S.
221 1918 401 1961 Augustini
425 1916 487 1960 (2),
513 1919 646 1951 nomine
672 1919 781 1960 ipsius
806 1918 944 1952 Ordinis
969 1921 1001 1952 et
1026 1918 1235 1959 Conventus,
1262 1929 1302 1952 eo
1328 1920 1429 1952 modo
1454 1921 1546 1961 quod
1571 1921 1651 1953 dicti
1675 1920 1805 1953 Fratres
1823 1923 1855 1953 et
1873 1921 1983 1954 dictus

163 1979 257 2014 Ordo
281 1982 313 2014 et
337 1979 535 2014 Conventus
560 1983 592 2013 et
616 1981 690 2013 eius
714 1990 935 2014 successores
960 1981 1115 2020 habeant,
1140 1983 1276 2014 teneant
1300 1983 1332 2013 et
1356 1982 1555 2022 possideant
1579 1984 1611 2014 et
1636 1982 1805 2024 gaudeant
1829 1985 1861 2015 et
1885 1983 1982 2024 quasi

163 2043 346 2085 predictam
382 2043 560 2076 ecclesiam
597 2045 629 2076 et
654 2043 851 2076 cimiterium
876 2045 908 2076 et
932 2045 1040 2076 ortum
1065 2045 1097 2076 et
1127 2044 1198 2076 iura
1223 2043 1343 2084 platee,
1369 2053 1444 2076 cum
1485 2045 1684 2077 accessibus
1712 2046 1744 2077 et
1773 2045 1983 2086 ingressibus

163 2106 196 2138 et
219 2105 441 2147 regressibus,
467 2107 499 2138 et
534 2105 692 2138 omnibus
721 2105 850 2138 iuribus
886 2106 996 2147 ipsius
1031 2105 1175 2138 ecclesie
1212 2107 1243 2138 et
1280 2106 1442 2138 cimiterio
1467 2108 1499 2138 et
1534 2108 1607 2139 orto
1642 2107 1887 2148 pertinentibus
1923 2116 1983 2139 seu

162 2167 396 2208 spectantibus
421 2167 453 2200 in
478 2169 689 2209 perpetuum,
714 2169 746 2200 et
769 2167 894 2200 faciant
929 2168 1095 2209 quidquid
1132 2168 1298 2200 voluerint
1326 2164 1406 2200 ‘sine
1439 2169 1703 2201 contradictione
1737 2170 1984 2211 suprascripto—

164 2237 235 2261 rum
270 2227 448 2270 Prepositi,
485 2228 734 2268 Archidiaconi,
760 2227 907 2270 Capituli
933 2231 965 2262 et
990 2229 1219 2271 Episcopatus
1249 2229 1364 2271 Papie,
1398 2232 1430 2263 et
1462 2240 1538 2263 cum
1563 2239 1678 2263 eorum
1708 2231 1904 2263 defensione
1940 2231 1983 2263 ab

163 2291 252 2323 omni
277 2300 422 2332 persona
448 2300 524 2324 cum
549 2292 688 2331 ratione;
713 2293 745 2324 et
770 2293 1013 2324 concesserunt
1038 2292 1147 2324 eidem
1173 2291 1290 2331 Priori,
1317 2293 1450 2325 nomine
1476 2293 1555 2325 dicti
1581 2291 1719 2325 Ordinis
1737 2294 1768 2325 et
1786 2291 1983 2326 Conventus

165 2351 302 2386 liberam
326 2354 359 2386 et
383 2353 573 2395 generalem
598 2353 922 2386 administrationem
948 2354 1036 2386 dicte
1062 2353 1206 2386 ecclesie
1243 2355 1275 2386 et
1311 2354 1462 2387 cimiterii
1499 2356 1531 2387 et
1570 2355 1718 2387 omnium
1754 2354 1893 2387 aliarum
1930 2363 1980 2387 re-

220 2508 250 2536 (1)
264 2509 336 2532 Corne
350 2515 514 2532 accennammo
535 2510 593 2532 nelle
617 2511 672 2532 note
692 2510 714 2532 al
736 2509 876 2532 documento
898 2510 1045 2537 precedente,

169 2555 253 2581 questo
271 2560 343 2582 passo
357 2555 370 2577 ὲ
384 2555 487 2577 decisivo
503 2560 544 2581 per
558 2555 580 2576 la
594 2555 667 2576 storia
689 2554 725 2576 del
747 2554 822 2581 primo
852 2555 962 2576 stabilirsi
987 2555 1047 2582 degli

166 2597 311 2626 Agostiniant
326 2599 348 2621 in
364 2599 442 2622 Pavia.
459 2599 534 2621 Erano
549 2599 588 2626 qui
603 2599 639 2620 sin
654 2599 691 2620 dai
706 2599 778 2626 tempi
793 2599 830 2621 del
847 2599 954 2622 vescovo
965 2598 988 2621 S.
1004 2599 1048 2622 Ro-

168 2641 269 2665 doboldo
290 2643 317 2670 ll,
338 2649 351 2665 e
373 2643 452 2670 quintii
476 2643 550 2670 prima
574 2643 707 2669 dell'Aprile
722 2649 736 2664 o
751 2642 906 2665 dell'Ottobre
928 2643 964 2665 del
988 2643 1046 2670 1254,

169 2685 223 2709 deta
237 2685 297 2710 della
311 2689 386 2711 morte
400 2687 423 2709 di
439 2689 523 2714 questo
538 2693 647 2709 vescovo.
678 2686 734 2712 (Cir.
759 2687 870 2714 ΜΑΟΛΝΙ,
895 2687 1044 2713 cronotassl,

168 2733 221 2758 pag.
235 2730 292 2758 ml).
307 2731 395 2754 Accola
409 2737 423 2754 a
438 2731 461 2754 S.
477 2731 588 2754 Mostiola
604 2731 671 2758 quasi
687 2731 877 2758 precariamente,
894 2731 969 2753 alcuni
991 2731 1043 2753 anni

168 2773 231 2802 dopo
245 2779 258 2797 e
272 2774 322 2797 cioe
335 2775 372 2797 nei
388 2775 447 2802 1260,
462 2775 626 2803 migliorarono
647 2775 668 2797 le
689 2775 739 2796 loro
754 2774 883 2797 condizioni
902 2775 1045 2802 comprando

168 2817 250 2841 alcime
264 2824 318 2841 case
332 2819 414 2847 vicine,
429 2819 458 2842 ed
473 2825 513 2842 ora
528 2821 624 2841 entrano
639 2820 711 2841 anche
719 2820 741 2841 in
756 2825 868 2846 possesso
883 2819 943 2840 della
960 2819 1045 2841 chiesa.

220 2861 251 2890 (2)
265 2863 325 2886 Nota
339 2863 354 2885 11
369 2863 454 2886 'sorelli
468 2863 515 2890 (lv.
529 2864 578 2890 mat)
592 2864 634 2886 che
651 2864 690 2891 qul
712 2863 771 2886 frate
793 2863 881 2886 Uberto
902 2863 932 2885 da
954 2863 1046 2885 Novata

168 2913 182 2925 c
194 2911 240 2929 non
254 2907 274 2929 sl
288 2907 377 2930 chiama
390 2908 575 2930 assolutamente
590 2907 669 2930 Priore
680 2908 716 2930 del
726 2909 841 2930 convento
852 2907 874 2929 di
885 2907 909 2930 S.
922 2907 1042 2934 Mustiola,

168 2950 280 2974 ruthensi
290 2950 369 2974 Priore
379 2951 416 2974 del
426 2953 541 2974 convento
552 2952 574 2974 di
585 2951 608 2975 S.
619 2952 742 2979 Aguntum
762 2952 798 2974 nel
816 2952 857 2974 che
875 2957 916 2979 per
932 2952 978 2973 mio
995 2957 1043 2973 cre-

168 2993 223 3017 dere
236 2995 256 3018 si
270 2995 300 3018 ha
309 2995 424 3018 relatione
437 2996 460 3019 al
481 2996 588 3019 Priorato
602 2997 680 3019 antico
695 2996 754 3018 della
769 2996 846 3018 chiesa
861 2996 971 3018 ov'erano
985 2995 1041 3018 stati

168 3038 242 3066 minu
256 3039 309 3066 quei
324 3039 392 3062 Padrl
407 3041 510 3068 Eremiti,
525 3046 569 3063 ove
583 3046 622 3062 era
637 3041 652 3062 ii
666 3046 739 3068 corpo
753 3040 790 3062 del
805 3040 830 3062 Ρ.
846 3039 870 3062 S.
885 3040 1006 3067 Agostlno,
1021 3040 1043 3061 la

169 3082 238 3110 quale
250 3088 277 3106 se
291 3083 350 3106 bene
363 3089 405 3111 per
419 3084 426 3106 l
442 3084 510 3107 Padri
524 3084 670 3107 Benedettinl
691 3084 832 3107 chiamavasi
848 3084 870 3106 di
885 3083 909 3106 S.
926 3083 1003 3106 Pletro
1025 3084 1047 3105 in

1101 2510 1165 2532 Cielo
1180 2510 1260 2537 d'Oro,
1277 2516 1318 2537 per
1328 2511 1334 2532 i
1345 2511 1418 2532 nostri
1434 2510 1490 2537 pero
1505 2511 1615 2533 dovevasi
1631 2511 1745 2532 chiamare
1762 2511 1784 2532 di
1795 2510 1818 2533 S.
1830 2511 1942 2538 Agostino
1957 2518 1976 2532 ».

1102 2555 1153 2576 Non
1168 2555 1284 2577 crediamo
1299 2555 1321 2576 di
1337 2555 1409 2577 dover
1424 2555 1515 2581 seguire
1530 2555 1635 2576 l'illustre
1650 2555 1736 2576 storico
1752 2555 1774 2576 in
1789 2556 1874 2581 questo
1898 2554 1978 2581 ordine

1101 2599 1123 2621 di
1143 2599 1202 2626 idee,
1218 2599 1302 2626 perche
1317 2599 1338 2621 la
1353 2599 1414 2621 irase
1431 2599 1530 2621 Ordinis
1551 2601 1575 2620 et
1597 2598 1729 2621 Conventus
1744 2598 1767 2620 S.
1783 2598 1910 2626 Augustini
1932 2604 1978 2620 non

1102 2643 1193 2665 include
1208 2643 1416 2665 necessariamente
1431 2643 1643 2674 l'interpretazione
1654 2643 1676 2664 di
1692 2643 1731 2669 lui,
1747 2643 1768 2664 la
1779 2643 1848 2669 quale
1863 2643 1977 2669 potrebbe

1100 2688 1176 2710 valere
1191 2693 1216 2709 se
1231 2688 1267 2709 nel
1282 2687 1422 2709 documento
1437 2693 1481 2708 non
1492 2687 1511 2708 si
1522 2687 1627 2713 leggesse
1640 2686 1745 2712 Ordinis,
1758 2692 1794 2708 ma
1804 2687 1907 2708 soltanto
1919 2686 1979 2709 Con-

1099 2733 1181 2754 ventus
1196 2731 1219 2754 S.
1235 2731 1369 2758 Augustini.
1386 2731 1401 2752 ll
1416 2731 1508 2753 docum.
1531 2731 1571 2757 lV,
1587 2731 1609 2752 in
1624 2731 1660 2752 cui
1675 2731 1694 2752 sl
1709 2730 1732 2752 ta
1747 2731 1826 2757 parola
1841 2736 1925 2752 ancora
1941 2730 1977 2752 del

1101 2775 1179 2798 Priore
1194 2775 1290 2802 Uberto,
1306 2777 1394 2797 mostra
1408 2775 1450 2796 che
1464 2775 1478 2796 il
1494 2776 1608 2796 convento
1629 2774 1776 2801 agostiniano
1797 2774 1819 2796 di
1840 2774 1910 2796 Pavia
1931 2780 1977 2796 non

1101 2825 1174 2841 aveva
1189 2825 1257 2841 nome
1271 2819 1381 2846 specifico
1397 2818 1456 2840 dalla
1471 2818 1548 2840 chiesa
1564 2824 1646 2845 presso
1660 2818 1696 2840 cui
1712 2823 1819 2846 sorgeva,
1841 2824 1878 2840 ma
1899 2819 1976 2845 quello

1100 2864 1207 2890 generlco
1222 2863 1244 2884 di
1262 2863 1394 2885 Conventus
1409 2863 1519 2884 Fratrum
1534 2863 1708 2885 Heremiiarum
1723 2863 1752 2885 de
1766 2862 1849 2890 Papia.

1150 2907 1181 2934 (3)
1195 2907 1359 2930 Richiamiamo
1374 2907 1524 2929 l¹attenzione
1538 2913 1566 2929 su
1582 2909 1665 2934 queste
1687 2907 1766 2934 parole
1788 2907 1830 2929 che
1850 2912 1909 2929 sono
1931 2913 1976 2929 una

1097 2951 1222 2973 bellissima
1237 2951 1266 2973 ed
1288 2951 1412 2973 onorevole
1433 2956 1506 2978 prova
1527 2951 1587 2973 dena
1607 2951 1700 2973 attivna
1715 2956 1728 2973 e
1743 2951 1779 2973 del
1801 2951 1891 2973 fervore
1915 2951 1975 2978 degli

1097 2995 1191 3018 Eremiti
1206 2995 1228 3017 di
1243 2995 1266 3017 S.
1282 2995 1404 3022 Agostino,
1419 3001 1431 3017 e
1446 2995 1585 3018 deli’ottimo
1599 2996 1707 3018 concetto
1717 2995 1739 3017 ln
1750 2995 1786 3018 cul
1801 2995 1847 3017 essi
1859 3001 1928 3017 erano
1943 2996 1976 3017 te-

1098 3039 1147 3062 nuti
1162 3039 1234 3061 anche
1248 3039 1270 3060 in
1286 3038 1364 3060 Pavia.
