2496 3600
1950 220 2011 251 193

119 342 125 349 ¹
151 342 154 343 ⁷
195 349 306 392 ipsum
332 348 481 386 haberet,
508 349 542 380 ut
566 348 740 389 prefertur,
766 349 937 381 celebrare
962 357 1022 381 seu
1048 348 1220 390 predicare
1246 348 1398 380 similiter
1427 357 1493 380 non
1520 348 1652 380 valente
1678 357 1737 380 seu
1768 349 1913 388 nolente,
1936 353 2013 382 tunc

191 411 289 449 Prior
311 410 495 444 eorundem
522 410 672 442 Fratrum
698 411 777 443 dicti
804 411 866 442 loci
893 411 1079 443 secundum
1106 420 1230 443 morem
1268 411 1409 452 predicti
1435 411 1563 442 ordinis
1605 410 1859 449 Heremitarum,
1884 412 1935 443 vel
1963 413 2013 444 nic

192 474 245 521 cui
270 482 330 515 per
354 472 486 505 Fratres
501 473 597 514 ipsos
623 473 686 505 hoc
713 473 950 506 celebrationis
975 475 1007 506 et
1033 474 1275 514 predicationis
1293 473 1441 505 officium
1460 473 1732 511 committeretur,
1750 473 1792 505 de
1810 474 1894 514 ipsis
1913 475 2014 506 misse

115 529 159 577 ᾗ,
191 535 418 575 celebratione
443 537 475 567 et
499 535 730 576 predicatione
755 536 952 577 disponeret
978 539 1075 576 prout
1101 536 1208 568 eidem
1243 536 1411 568 videbitur
1445 535 1649 574 faciendum,
1675 535 1751 567 aliis
1777 544 1856 567 vero
1893 536 2014 568 diebus

116 584 143 623 ³⁵·
193 600 261 637 tam
286 597 465 630 dominicis
491 599 523 629 et
547 596 679 629 festivis
705 606 806 638 quam
831 598 931 630 etiam
957 598 1143 636 ferialibus,
1170 598 1453 639 quotiescumque
1479 598 1657 638 predicari,
1684 606 1744 629 nec
1770 607 1836 629 non
1863 598 1894 629 in
1920 600 2014 630 ante-

112 647 147 687 's
191 660 292 700 dictis
316 659 559 692 festivitatibus
584 668 643 691 seu
669 659 932 692 solemnioribus
957 661 1080 692 diebus
1095 662 1307 701 preterquam
1334 661 1366 692 in
1392 660 1622 701 predicatione
1640 660 1845 699 solemniori,
1861 662 1895 692 ut
1913 669 2015 701 supra

189 723 398 768 exprimitur,
423 722 451 754 si
478 722 510 754 in
536 722 664 754 eisdem
691 722 934 755 festivitatibus
970 732 1029 755 seu
1060 723 1322 755 solemnioribus
1347 723 1480 762 diebus,
1517 723 1635 755 eadem
1671 723 1785 755 forsan
1811 723 1865 755 die
1890 723 2016 764 pluries

123 775 143 802 ²³⁴
190 785 224 823 in
248 785 367 818 eodem
394 785 599 817 monasterio
624 785 833 826 contingeret
858 785 1036 826 predicari,
1061 786 1311 826 predicatlones
1337 786 1530 818 huiusmodi
1546 785 1678 818 Fratres
1703 785 1755 818 vel
1783 785 1846 825 ille,
1872 786 1925 818 cui
1952 787 2015 818 hoc

193 849 260 891 ipsi
285 849 380 880 iuxta
417 856 543 879 morem
585 848 779 880 huiusmodi
816 848 1073 887 committerent,
1099 849 1340 880 distribuerent
1364 851 1395 880 et
1413 849 1637 890 assignarent,
1674 849 1773 880 etiam
1801 849 1865 889 ipsi
1892 847 2015 880 Abbati

131 926 134 927 ⁷
189 912 290 956 prout
315 911 365 942 eis
390 910 561 942 videretur
585 910 758 951 expedire.
785 910 818 942 ln
845 911 997 942 sedendo
1023 919 1103 942 vero
1128 911 1161 942 in
1186 911 1304 942 eadem
1330 911 1476 943 ecclesia
1493 911 1768 952 quibuscumque
1787 911 1908 943 diebus
1938 911 2011 952 ipse

123 963 139 1014 ζ
193 971 312 1006 Abbas
336 972 574 1005 solemniorem
601 972 710 1005 locum
736 975 873 1012 teneret,
899 973 1032 1014 ipsique
1059 972 1222 1006 Canonici
1261 974 1354 1005 iuxta
1395 982 1485 1005 eum:
1523 974 1554 1005 in
1592 973 1872 1014 processionibus
1896 975 2007 1005 autern

107 1030 134 1063 '1
190 1035 303 1068 dictus
328 1034 447 1068 Abbas
472 1037 564 1067 esset
590 1035 736 1074 ultimus,
764 1035 945 1076 ipsumque
972 1036 1128 1076 proximo
1146 1037 1366 1077 precederent
1384 1036 1478 1068 Prior
1492 1036 1683 1068 claustralis
1701 1038 1732 1068 et
1750 1034 1914 1069 Canonici
1933 1045 2008 1076 pre-

194 1097 300 1137 libati,
325 1098 469 1130 servatis
494 1099 605 1130 tamen
631 1107 691 1139 per
715 1107 776 1130 eos
801 1098 914 1139 quoad
940 1098 1027 1130 alios
1042 1098 1132 1130 viros
1151 1098 1405 1130 ecclesiasticos
1423 1099 1602 1140 religiosos
1621 1100 1651 1130 et
1669 1098 1842 1130 seculares
1868 1099 1899 1130 in
1926 1098 2018 1130 ince-

192 1159 316 1199 dendo,
342 1160 418 1192 loco
443 1162 474 1192 et
499 1161 616 1193 ordine
643 1161 805 1192 hactenus
823 1169 882 1201 per
908 1161 1003 1201 ipsos
1029 1161 1061 1192 in
1088 1161 1367 1201 processionibus
1381 1161 1575 1193 consuetis:
1602 1160 1720 1202 prefati
1747 1162 1858 1193 autem
1884 1160 2016 1192 Fratres

128 1218 134 1227 ⁵
189 1222 222 1269 in
247 1222 437 1255 incedendo
463 1223 495 1254 in
521 1223 802 1264 processionibus
828 1222 1022 1254 huiusmodi
1048 1223 1224 1263 antiquum
1258 1223 1368 1254 locum
1394 1225 1426 1254 et
1451 1223 1601 1255 ordinem
1627 1231 1725 1254 suum
1751 1225 1934 1254 servarent.
1961 1221 2011 1254 De

108 1278 133 1301 '¹'
189 1283 266 1317 aliis
291 1284 431 1325 insuper
455 1285 571 1316 missis
596 1284 882 1316 conventualibus
897 1285 928 1316 in
943 1285 1033 1317 dicta
1047 1284 1191 1317 eeclesia
1209 1284 1424 1317 celebrandis
1443 1285 1516 1325 ipse
1538 1285 1760 1326 predecessor
1778 1286 1892 1316 noster
1905 1284 2014 1316 taliter

188 1346 358 1379 ordinavit
382 1348 414 1379 et
439 1346 546 1379 voluit
571 1347 757 1386 observari,
782 1347 874 1388 quod
900 1346 1030 1386 Abbas,
1056 1345 1220 1379 Canonici
1247 1349 1280 1379 et
1306 1347 1438 1379 Fratres
1463 1347 1605 1388 predicti
1629 1347 1820 1379 dividerent
1845 1355 1905 1378 seu
1931 1347 2020 1378 assi—

189 1411 331 1451 gnarent
363 1409 449 1441 inter
473 1417 510 1442 se
536 1409 630 1441 iuxta
645 1419 820 1442 numerum
834 1418 1054 1451 personarum
1070 1409 1309 1442 sufficientium
1327 1411 1358 1442 et
1372 1409 1625 1450 expedientium
1652 1409 1836 1441 eorundem
1854 1409 2018 1450 equaliter

188 1471 324 1512 aliquas
348 1470 478 1511 Abbas,
503 1472 532 1504 si
558 1472 600 1504 ad
627 1472 691 1504 hoc
705 1481 827 1504 vacare
842 1472 953 1511 vellet,
968 1474 1000 1504 et
1013 1472 1148 1513 aliquas
1162 1470 1325 1505 Canonici
1340 1474 1372 1504 et
1386 1471 1567 1504 nonnullas
1585 1471 1718 1503 Fratres
1732 1471 1874 1512 predicti
1892 1471 2016 1503 missas

188 1533 398 1573 celebrarent
422 1536 455 1566 et
479 1534 546 1566 alia
570 1533 681 1566 officia
706 1535 780 1567 sive
806 1543 865 1576 per
893 1534 1129 1567 hebdomadas
1155 1535 1228 1566 sive
1253 1534 1398 1576 singulis
1424 1534 1546 1566 diebus
1571 1542 1631 1566 seu
1657 1533 1752 1572 alias,
1778 1535 1877 1574 prout
1909 1542 2014 1574 expe—

188 1596 316 1636 dientia
341 1597 494 1639 exigeret
517 1599 550 1630 et
575 1597 728 1630 decentia
753 1597 922 1636 suaderet,
955 1598 1167 1639 partirentur.
1205 1597 1319 1629 Voluit
1343 1599 1375 1629 et
1400 1597 1488 1629 idern
1525 1597 1750 1638 predecessor
1775 1598 1809 1628 ut
1834 1596 1958 1627 divisio
1983 1597 2015 1627 et

189 1659 325 1701 partitio
351 1660 544 1692 huiusmodi
571 1662 603 1693 et
628 1661 808 1693 missarum
833 1660 1112 1693 celebrandarum
1137 1669 1176 1692 ac
1202 1660 1306 1692 totius
1331 1659 1437 1691 divini
1463 1659 1565 1692 officii
1591 1659 1700 1691 diuini
1726 1660 1758 1691 et
1784 1658 1936 1690 nocturni
1962 1666 2018 1690 as-

190 1722 349 1764 signati0,
375 1723 569 1764 incipiendo
594 1725 704 1756 tamen
731 1724 839 1765 primo
865 1724 897 1755 in
923 1722 1056 1756 Abbate
1082 1724 1110 1756 si
1137 1725 1172 1755 ut
1196 1723 1396 1764 premittitur
1421 1722 1464 1754 ad
1490 1722 1522 1754 id
1549 1731 1670 1754 vacare
1696 1721 1807 1759 vellet,
1833 1723 1865 1753 et
1890 1721 1922 1752 in
1949 1719 2016 1753 Ca-

189 1785 322 1818 nonicis
346 1785 532 1827 prelibatis,
557 1786 681 1819 deinde
707 1787 749 1819 ad
777 1786 910 1819 Fratres
935 1786 1166 1827 perveniendo
1191 1785 1374 1827 predictos;
1400 1794 1462 1817 nec
1488 1794 1554 1816 non
1592 1784 1740 1826 pulsatio
1776 1792 2016 1825 campanarum

189 1846 233 1880 ad
258 1847 375 1880 divina
398 1847 511 1881 officia
547 1848 703 1881 vivorum
729 1850 761 1881 et
785 1850 992 1881 mortuorum
1023 1848 1115 1880 horis
1151 1848 1324 1880 canonicis
1349 1847 1392 1880 ad
1417 1847 1563 1880 eundem
1599 1845 1748 1878 Priorem
1787 1846 2014 1887 predictorum

189 1909 340 1958 Fratrum
365 1910 418 1943 vel
443 1910 486 1943 ad
512 1911 616 1950 illum,
641 1912 695 1944 cui
722 1911 916 1943 huiusmodi
942 1911 1091 1944 officium
1117 1911 1309 1949 divisionis,
1335 1904 1796 1951 partitionis,assignationis
1821 1910 1853 1940 et
1878 1916 2014 1949 campa—

190 1981 307 2006 narum
333 1973 537 2014 pulsationis
563 1974 658 2006 iuxta
683 1983 808 2006 morem
834 1974 1019 2006 eorundem
1045 1973 1196 2005 Fratrum
1223 1973 1442 2005 commissum
1458 1972 1554 2011 foret,
1572 1972 1709 2004 deberet
1728 1971 1903 2012 pertinere.
1928 1970 2015 2002 ldem

189 2043 328 2076 quoque
353 2035 460 2068 voluit
484 2036 660 2068 observari
686 2036 714 2068 si
741 2036 856 2077 plures
881 2036 1001 2068 eodem
1028 2036 1082 2068 die
1107 2037 1211 2068 misse
1236 2035 1481 2068 conventuales
1507 2035 1539 2066 in
1565 2034 1682 2066 eadem
1709 2033 1853 2065 ecclesia
1867 2032 2019 2065 celebra-

107 2077 128 2116 ἕ
184 2098 315 2141 rentur,
341 2099 375 2130 ut
399 2100 481 2140 puta
507 2107 573 2131 una
598 2099 640 2131 de
666 2099 721 2131 die
746 2101 779 2131 et
803 2099 907 2131 altera
932 2099 974 2131 de
1000 2097 1123 2132 Sancta
1141 2098 1251 2131 Maria
1277 2097 1329 2130 vel
1356 2098 1398 2130 de
1423 2096 1549 2138 Spiritu
1575 2095 1701 2129 Sancto
1719 2095 1771 2128 vel
1788 2096 1819 2127 in
1838 2095 2017 2133 similibus,

189 2161 249 2192 aut
272 2169 334 2201 pro
359 2161 449 2193 vivis
473 2160 526 2194 vel
552 2161 744 2200 deffunctis,
770 2163 804 2194 ut
829 2162 913 2194 inter
937 2161 1076 2194 eosdem
1091 2158 1479 2200 Abbatem,Canonicos
1493 2161 1525 2191 et
1539 2159 1681 2197 Fratres,
1696 2157 2016 2199 sicutpretangitur‚

194 2221 424 2261 dividerentur
447 2225 478 2256 et
503 2224 602 2256 etiam
628 2225 891 2266 assignarentur.
917 2223 1101 2257 Reservata
1125 2223 1225 2255 dictis
1249 2221 1373 2254 Abbati
1399 2223 1430 2254 et
1454 2221 1560 2254 Priori
1586 2220 1756 2253 claustrali
1783 2220 1811 2252 si
1837 2221 1928 2251 esset
1954 2219 2016 2250 ibi-

192 2284 270 2318 dem
294 2286 508 2327 prerogativa
533 2286 566 2318 in
591 2286 819 2319 celebratione
844 2286 1058 2318 solemnioris
1076 2285 1180 2318 misse
1204 2285 1236 2317 in
1262 2284 1505 2317 festivitatibus
1522 2284 1595 2316 sive
1612 2283 1734 2315 diebus
1752 2281 2014 2314 solemnioribus

191 2347 354 2389 predictis
379 2348 667 2389 quemadmodum
693 2349 850 2390 superius
876 2351 927 2381 est
952 2356 1166 2389 expressum.
1192 2346 1369 2380 Prohibuit
1405 2348 1516 2379 autem
1542 2355 1582 2379 ne
1608 2345 1688 2378 dicti
1728 2344 1860 2376 Fratres
1885 2344 1927 2376 de
1952 2352 2012 2375 au-

194 2409 329 2456 diendis
354 2410 632 2443 confessionibus
669 2411 952 2452 parochianorum
989 2410 1142 2443 eiusdem
1168 2409 1312 2442 ecclesie
1337 2409 1417 2441 dicti
1452 2408 1645 2440 monasterii
1670 2409 1701 2440 et
1726 2407 1768 2439 de
1794 2406 2016 2438 sacramentis

192 2472 437 2505 ecclesiasticis
462 2474 694 2506 ministrandis
719 2473 848 2506 eisdem
874 2482 911 2506 se
935 2473 1152 2514 aliquatenus
1177 2472 1443 2510 intromitterent,
1470 2471 1534 2503 nisi
1560 2471 1655 2502 iuxta
1679 2469 1820 2501 formam
1846 2468 2012 2501 constitu-

192 2535 296 2567 tionis
321 2535 431 2568 feliciS
456 2536 702 2568 recordationis
727 2535 892 2568 Bonitacii
918 2534 1011 2577 Pape
1037 2534 1107 2567 Vlll
1125 2534 1380 2576 predecessoris
1406 2534 1510 2566 nostri
1537 2541 1640 2574 super
1665 2533 1728 2583 hoc
1753 2533 1784 2563 et
1809 2531 1909 2563 certis
1934 2530 2010 2563 aliis

195 2597 346 2630 articulis
372 2598 460 2631 edite
485 2607 524 2631 ac
550 2607 610 2640 per
635 2599 689 2640 pie
715 2599 874 2631 memorie
911 2596 1119 2631 Clementem
1146 2606 1271 2639 papam
1298 2596 1325 2629 V
1351 2596 1630 2638 predecessorem
1667 2596 1819 2626 nostrum
1857 2593 2016 2625 innovate

195 2668 258 2699 nec
283 2669 349 2692 non
374 2660 562 2692 secundum
587 2661 861 2693 constitutionem
886 2669 905 2693 a
930 2658 1104 2693 Clemente
1130 2659 1282 2701 predicto
1307 2659 1431 2691 editam
1457 2667 1497 2690 ne
1523 2657 1671 2700 religiosi
1697 2658 1787 2689 certa
1805 2656 2016 2688 sacramenta

194 2722 427 2764 ecclesiastica
451 2722 585 2756 clericis
610 2725 642 2755 et
667 2723 762 2755 laicis
787 2723 975 2755 ministrare
1001 2723 1196 2763 presumant
1221 2721 1294 2753 sine
1319 2720 1525 2762 parochialis
1550 2719 1729 2760 presbiteri
1767 2718 1900 2750 licentia
1937 2725 2017 2758 spe—

195 2784 265 2818 tiali
290 2787 348 2818 aut
372 2785 648 2827 pretermissione
674 2786 794 2817 iurium
819 2785 972 2823 aliorum,
997 2785 1058 2817 sed
1085 2785 1237 2825 ipsorum
1263 2783 1547 2824 parochianorum
1585 2781 1821 2814 confessiones
1859 2779 2014 2812 audirent

195 2849 228 2886 et
251 2847 302 2880 eis
326 2850 537 2880 sacramenta
573 2848 726 2890 predicta
763 2848 990 2880 ministrarent
1025 2846 1104 2879 dicti
1123 2846 1241 2879 Abbas
1266 2848 1298 2878 et
1323 2843 1488 2878 Canonici
1510 2844 1563 2877 vel
1581 2844 1636 2876 alii
1652 2844 1790 2876 indicto
1812 2842 2018 2875 monasterio

196 2909 250 2942 vel
274 2909 355 2942 alibi
380 2910 506 2952 quibus
532 2910 593 2943 hec
618 2912 716 2943 antea
742 2910 991 2951 competebant,
1016 2910 1116 2950 prout
1141 2909 1223 2940 iuris
1237 2908 1397 2940 existeret
1414 2909 1446 2939 et
1463 2906 1725 2939 consuevissent
1739 2905 1950 2946 temporibus
1967 2913 2019 2936 re-

195 2972 345 3005 troactis.
371 2971 422 3005 De
447 2972 633 3014 sepulturis
657 2981 773 3005 eorum
799 2973 856 3014 qui
882 2971 1106 3013 sepelirentur
1130 2970 1222 3012 apud
1248 2970 1489 3002 monasterium
1527 2969 1732 3002 antedictum
1757 2969 1789 3000 et
1814 2967 1856 2999 de
1881 2966 2015 2999 funera-

197 3033 298 3074 libus,
323 3043 389 3076 que
413 3035 542 3068 ratione
567 3044 745 3076 corporum
772 3035 922 3076 ipsorum
937 3034 1182 3067 deffunctorum
1200 3033 1400 3065 obvenirent
1424 3041 1467 3065 ex
1492 3032 1592 3064 certis
1610 3031 1725 3064 causis
1743 3030 1902 3072 legitimis
1933 3029 2017 3060 inter

197 3097 336 3137 eosdem
350 3096 529 3138 Abbatem,
554 3095 749 3132 Canonicos
774 3100 807 3130 et
830 3097 950 3130 tratres
974 3098 1054 3130 tunc
1080 3105 1146 3128 non
1171 3095 1343 3137 disposuit
1360 3103 1422 3127 nec
1438 3094 1539 3127 etiarn
1557 3093 1725 3126 ordinavit
1750 3093 1823 3134 ipse
1850 3091 2016 3123 lohannes

1985 3158 2012 3179 25
