2496 3600
1939 247 2000 279 185

184 377 331 416 vitiatas,
356 385 423 408 non
447 375 604 414 abolitas,
629 384 690 408 nec
714 376 866 415 abrasas,
892 385 953 408 nec
979 376 1011 408 in
1036 376 1150 417 aliqua
1186 376 1238 408 sui
1275 378 1369 417 parte
1394 378 1591 417 suspectas,
1616 376 1728 418 sigillo
1765 386 1900 418 quoque
1925 387 2001 418 pre—

183 438 242 474 fati
265 438 394 471 domini
419 437 600 470 cardinalis
625 437 785 478 pendenti
811 438 844 470 in
869 447 945 470 cera
970 438 1074 470 rubea
1098 447 1174 470 cum
1199 432 1303 479 capsa
1328 447 1402 470 cere
1427 438 1503 470 albe
1529 438 1561 470 in
1587 438 1726 470 cordula
1741 439 1898 477 munitas,
1916 439 1998 471 sub-

222 501 327 543 rjptas
351 508 488 542 quoque
513 509 574 541 per
598 499 733 532 Petrum
758 500 800 532 de
825 500 1027 542 Liebingher
1050 500 1210 533 clericum
1235 500 1499 533 constantiensis
1524 500 1682 538 diocesis,
1708 500 1943 532 canzellarium
1961 510 2000 533 ac

178 563 324 598 scribam
349 562 468 604 prefati
493 562 621 594 domini
647 562 839 601 cardinalis,
864 562 962 594 datas
987 561 1118 595 Perusii
1143 562 1198 595 die
1223 563 1368 602 veneris,
1393 564 1515 595 octava
1540 562 1668 594 mensis
1701 562 1906 601 novembris,
1933 562 1998 594 sub

171 635 269 660 ,anno
292 625 478 658 nativitatis
502 623 638 656 Domini
663 623 985 663 MCCCLXXXXII,
1011 625 1192 657 indictione
1217 625 1479 666 quintadecima,
1505 625 1722 666 pontificatus
1740 624 1947 656 sanctissimi
1965 625 1996 655 in

179 686 317 723 Christo
341 687 447 730 patris
472 689 504 720 et
528 687 655 719 domini
682 688 786 719 nostri
811 687 937 719 domini
964 686 1122 719 Bonifatii
1148 687 1264 720 divina
1289 687 1503 729 providentia
1528 686 1621 728 Pape
1646 687 1736 726 noni,
1761 688 1911 719 tenorem
1935 687 1993 727 qui

120 755 154 790 χὲ
179 751 333 793 sequitur
356 750 589 783 continentes:
615 746 719 789 (Vedi
742 749 766 782 il
789 750 860 782 doc.
885 759 916 782 η.
949 748 1001 790 C).

267 811 391 846 Petens
415 813 447 844 et
471 812 646 853 requirens
671 812 759 844 idem
784 811 886 844 frater
910 811 1087 851 lohannes,
1113 812 1204 844 dicto
1230 812 1412 844 sindicario
1437 812 1581 850 nomine,
1607 821 1626 844 a
1651 811 1781 852 prefato
1810 811 1996 843 reverendo

178 876 212 909 in
237 873 374 908 Christo
398 876 492 916 patre
517 875 550 906 et
574 874 711 906 domino
736 874 874 906 domino
899 874 1072 915 Episcopo
1098 875 1291 906 novariensi
1327 874 1508 913 antedicto,
1542 876 1710 915 quatenus
1736 875 1767 905 in
1793 874 1868 914 ipsa
1892 882 1997 906 causa

177 937 370 972 nullatenus
395 936 578 978 procedere
597 935 687 975 velit,
705 936 766 968 sed
784 937 898 977 potius
916 938 1029 977 partes
1047 937 1211 969 remittere
1229 937 1271 969 ad
1290 936 1455 978 prefatum
1474 936 1793 968 reverendissimum
1808 936 1839 967 in
1858 934 1994 968 Christo

178 1001 306 1043 patrem
330 1001 363 1032 et
386 999 561 1031 dominum
598 998 772 1030 dominum
809 997 1022 1031 Cardinalem
1059 999 1266 1031 antedictum
1291 1001 1323 1031 et
1347 1008 1596 1040 quemcumque
1621 999 1664 1030 ab
1689 998 1808 1030 eodem
1838 998 1999 1030 subdele-

177 1063 326 1107 gandum
351 1064 384 1094 et
408 1062 482 1094 eius
508 1069 664 1100 examen,
700 1061 906 1093 audientiam
932 1063 964 1093 et
989 1061 1252 1103 recognitionem
1278 1063 1310 1093 et
1334 1061 1613 1100 terminationem,
1651 1061 1744 1092 iuxta
1779 1060 1921 1093 formam
1947 1061 1997 1101 ip-

165 1132 288 1160 ·sarum
314 1125 508 1157 litterarum.
534 1122 600 1161 Qui
626 1123 785 1156 dominus
810 1123 1005 1164 Episcopus
1029 1124 1230 1162 antedictus,
1257 1124 1331 1156 visa
1356 1126 1388 1156 et
1412 1124 1527 1156 audita
1563 1124 1652 1155 dicta
1689 1123 1940 1164 presentatione
1966 1124 1998 1155 et

178 1188 394 1223 intimacione
420 1187 613 1225 litterarum,
639 1195 701 1219 nec
726 1195 793 1218 non
819 1187 904 1218 visis
922 1188 954 1218 et
971 1186 1149 1228 diiigenter
1166 1187 1338 1219 attenditis
1357 1187 1441 1227 ipsis
1460 1186 1577 1218 litteris
1595 1188 1626 1218 et
1643 1186 1802 1218 omnibus
1820 1186 1852 1217 in
1870 1186 1998 1218 eisdem

178 1251 355 1290 contentis,
380 1250 530 1289 easdem,
555 1258 631 1282 cum
656 1258 696 1281 ea
721 1257 789 1289 qua
814 1249 909 1280 decet
934 1250 1132 1288 reverentia,
1169 1249 1361 1287 admittens,
1388 1250 1481 1290 ipsas
1512 1250 1624 1290 partes
1658 1248 1785 1280 remisit
1809 1250 1841 1280 et
1865 1248 2000 1280 remittit

175 1313 219 1347 ad
243 1313 408 1355 prefatum
433 1311 753 1345 reverendissimum
779 1311 811 1342 in
837 1309 973 1343 Christo
999 1310 1130 1343 Patrem
1156 1313 1187 1343 et
1212 1311 1385 1343 dominum
1411 1311 1584 1343 dominum
1610 1309 1825 1343 Cardinalem
1851 1312 1883 1342 et
1907 1310 2000 1343 dele-

174 1377 289 1419 gatum
314 1375 538 1417 prescriptum
563 1376 596 1406 et
620 1374 662 1406 ad
689 1374 798 1415 ipsius
824 1375 856 1406 et
880 1374 1125 1414 cuiuscumque
1151 1373 1376 1415 subdelegati,
1413 1382 1473 1406 seu
1511 1373 1756 1414 subdelegandi
1790 1373 1833 1404 ab
1858 1381 1909 1411 eo,
1935 1381 1996 1404 au-

173 1438 345 1477 dientiam,
370 1437 609 1479 cognitionem,
634 1445 778 1469 examen
805 1438 836 1468 et
860 1436 1079 1475 decisionem,
1094 1437 1286 1477 protestans
1304 1436 1395 1477 quod
1421 1436 1463 1468 de
1488 1437 1600 1468 cetero
1618 1436 1691 1476 ipse
1710 1435 1741 1466 in
1759 1435 1876 1467 eadem
1894 1443 1997 1467 causa

99 1495 138 1544 ῗ”ξῖ”
174 1500 367 1534 nullatenus
391 1499 561 1542 procedet,
587 1508 648 1531 seu
674 1499 857 1540 procedere
883 1498 954 1531 vult
979 1500 1011 1531 et
1036 1498 1187 1531 intendit.
1214 1498 1264 1531 De
1290 1499 1416 1540 quibus
1441 1498 1600 1530 omnibus
1626 1498 1780 1539 prefatus
1795 1498 2001 1530 reverendus

97 1603 119 1612 J
173 1563 207 1597 in
231 1561 367 1596 Christo
391 1563 488 1604 pater
511 1563 544 1594 et
568 1562 727 1594 dominus
753 1561 911 1593 dominus
926 1561 1120 1602 Episcopus
1138 1561 1339 1600 antedictus,
1355 1561 1535 1601 dictusque
1548 1560 1649 1593 frater
1662 1560 1828 1592 lohannes
1846 1560 1998 1600 predicto

93 1613 126 1658 ἶῖ
174 1625 357 1659 sindicario
381 1617 517 1657 nomine
541 1623 677 1666 singula
712 1624 857 1666 singulis
895 1633 1044 1664 congrue
1081 1623 1257 1656 referendo
1283 1624 1346 1655 hoc
1371 1624 1628 1655 instrumentum
1665 1623 1735 1654 fieri
1773 1623 1943 1654 iusserunt
1968 1624 1999 1654 et

99 1726 118 1732 Α
177 1689 381 1730 rogaverunt
405 1695 465 1728 per
489 1695 540 1719 me
567 1686 730 1719 Ubertum
756 1687 922 1718 notarium
949 1686 1198 1727 infrascriptum
1224 1686 1412 1727 prefatique
1426 1685 1601 1718 reverendi
1620 1685 1725 1726 patris
1751 1684 1998 1717 canzeliarium.

176 1749 298 1784 Actum
324 1749 380 1782 ubi
406 1758 520 1790 supra,
546 1749 763 1790 presentibus
788 1748 973 1781 venerabili
999 1748 1159 1790 religioso
1185 1749 1257 1780 viro
1281 1747 1381 1780 fratre
1395 1746 1576 1780 GuilleImo
1594 1747 1636 1779 de
1655 1746 1842 1779 Advocatis
1858 1745 1999 1779 Ordinis

177 1813 343 1847 minorum
368 1821 464 1845 sacre
489 1812 612 1854 pagine
649 1811 811 1853 magistro
835 1813 867 1843 et
892 1811 1092 1852 provinciali
1129 1810 1328 1849 Mediolani,
1364 1810 1463 1842 fratre
1497 1809 1596 1842 Petro
1621 1810 1663 1842 de
1688 1809 1782 1851 Pago
1807 1808 2000 1840 Dalmatino

112 1880 121 1886 “’
177 1875 333 1909 eiusdem
374 1873 515 1908 Ordinis
551 1874 671 1916 prefati
708 1874 836 1906 domini
874 1873 1036 1915 Episcopi
1074 1873 1262 1914 capellano,
1288 1874 1320 1905 et
1346 1872 1559 1907 lohannede
1586 1870 1732 1904 Oleariis
1756 1871 1798 1903 de
1824 1870 1930 1912 Papia
1956 1879 1994 1903 ac

114 1935 120 1962 ·'
175 1937 335 1971 iacobino
359 1937 402 1970 de
427 1934 581 1970 Canibus
605 1938 638 1969 et
663 1936 819 1978 pluribus
843 1936 919 1968 aliis
944 1936 1089 1968 testibus
1113 1935 1155 1967 ad
1182 1936 1349 1976 premissa
1374 1935 1474 1974 notis,
1500 1934 1631 1966 vocatis
1657 1936 1688 1966 et
1714 1933 1851 1975 rogatis.

265 1999 338 2042 Ego
363 1998 511 2033 Ubertus
536 1998 724 2031 December
748 1999 790 2031 de
817 1998 997 2040 Viglivano
1022 1998 1111 2030 filius
1137 1998 1308 2039 quondam
1335 1996 1485 2029 Anselmi
1512 1996 1670 2038 publicus
1696 1996 1859 2037 imperiali
1885 1997 2003 2027 aucto-

90 2045 130 2078 χ
176 2063 273 2096 ritate
297 2062 448 2095 notarius
472 2061 661 2103 prefatique
685 2061 813 2093 domini
839 2061 944 2102 patris
969 2060 1191 2093 canzellarius
1216 2060 1393 2101 premissis
1410 2059 1569 2092 omnibus
1583 2068 1658 2091 cum
1677 2058 1838 2100 predictis
1855 2057 2001 2090 testibus

176 2125 258 2158 dum
282 2125 332 2158 sic
356 2126 535 2167 agerentur
559 2123 690 2156 interfui
716 2126 748 2156 et
773 2124 836 2156 hoc
874 2123 1046 2165 publicum
1083 2123 1340 2155 instrumentum
1377 2124 1515 2163 rogatus
1551 2121 1684 2160 tradidi,
1717 2121 1839 2162 scripsi
1865 2122 1896 2152 et
1921 2119 2002 2152 sub-

178 2188 300 2230 scripsi
326 2188 359 2219 in
384 2186 613 2220 testimonium
639 2186 800 2218 veritatis.
