2496 3600
1960 250 2005 283 39

276 527 365 561 'roto
388 536 478 561 anno
502 526 585 560 feria
609 526 762 560 secunda
786 527 820 559 in
845 526 991 560 ecclesia
1014 528 1124 560 Sancti
1142 526 1231 560 Petri
1250 527 1283 560 in
1308 527 1382 561 celo
1399 537 1514 568 aureo,
1532 529 1589 562 ubi
1607 530 1659 562 est
1676 538 1800 571 corpus
1826 530 1913 563 beati
1938 529 2009 562 Au-

186 591 324 635 gustini,
349 589 570 632 solempniter
593 589 796 631 predicatur,
821 589 864 622 ad
890 598 992 631 quam
1010 588 1191 622 ecclesiam
1216 589 1273 622 illa
1297 590 1364 629 die,
1382 590 1472 622 omni
1491 590 1695 629 ebdomada,
1712 593 1782 624 tota
1797 591 1866 624 fere
1883 592 2005 625 civitas

171 654 310 688 ‘devote
333 652 544 686 concurrit...
570 651 611 684 Et
634 653 686 684 est
710 651 886 684 selendum
912 651 1005 693 quod
1031 651 1209 684 visitantes
1241 651 1359 684 altaria
1383 654 1416 685 et
1439 653 1561 685 archas
1597 655 1791 686 sanctorum
1817 663 2007 696 corporum,

191 715 367 759 presertim
403 714 579 748 beatorum
614 713 852 747 confessorum
889 711 964 755 Syri
989 714 1022 746 et
1046 712 1239 756 Augustini,
1276 714 1334 756 qui
1371 716 1451 747 sunt
1486 715 1519 747 in
1555 708 1674 757 criptis
1710 716 1928 749 ecclesiarum
1946 713 2009 757 (1),

188 786 324 820 semper
347 770 438 810 stant
461 776 505 810 ab
529 775 702 818 aquilione
727 775 789 808 viri
814 777 848 809 et
871 784 891 808 a
916 775 1056 808 meridie
1082 775 1241 809 mulieres
1266 777 1405 818 propter
1429 777 1652 810 honestatem.
1671 777 1806 811 Habent
1823 778 1912 811 enim
1930 787 2009 819 spe-

189 840 309 875 cialem
343 840 523 881 patronum
559 838 671 880 ipsum
697 837 931 871 beatissimum
956 836 1196 880 Augustinum,
1222 838 1311 871 unde
1336 847 1377 871 ne
1402 839 1480 878 sibi,
1516 839 1608 880 quod
1645 839 1745 879 absit,
1770 839 1940 873 auferetur
1966 840 2011 873 ab

190 903 269 938 ullis
292 902 431 944 regibus
455 901 509 934 vel
533 900 758 943 principibus,
783 900 896 942 ipsum
921 901 954 932 in
979 899 1149 942 profundo
1173 902 1207 933 et
1230 901 1462 934 secretissimo
1486 901 1561 934 loco
1586 911 1646 943 per
1661 902 1727 935 tale
1751 903 1936 935 arteficIum
1962 903 2012 935 in-

189 965 372 1005 cluserunt,
397 963 490 1007 quod
514 962 636 996 auferri
663 971 731 995 non
756 963 887 1005 posset,
913 962 1014 996 etiam
1039 963 1068 995 si
1093 962 1162 996 illic
1186 963 1280 996 multi
1305 972 1368 1005 per
1393 964 1534 997 multum
1559 965 1722 1006 temporis
1741 964 1932 998 laborarent
1947 962 2010 1006 (2),

188 1029 225 1064 et
247 1027 388 1069 insuper
411 1026 575 1059 statutum
599 1025 663 1058 tuit
686 1034 748 1067 per
771 1033 832 1058 eos
856 1025 949 1067 quod
974 1025 1099 1058 debeat
1123 1025 1166 1058 ab
1191 1025 1351 1058 omnibus
1376 1026 1480 1059 semel
1498 1026 1532 1059 in
1549 1026 1741 1060 ebdomada
1765 1027 1905 1060 visitari.
1923 1027 2009 1060 Nam

105 1084 111 1143 ,⁵
136 1085 145 1089 '⁷
190 1091 224 1125 et
246 1090 384 1133 propter
408 1088 500 1122 illum
525 1089 612 1121 intra
636 1088 731 1121 urbis
755 1089 853 1130 septa
877 1087 1096 1126 servandum,
1121 1097 1140 1120 a
1165 1089 1259 1129 parte
1285 1088 1351 1127 illa,
1377 1097 1439 1130 per
1462 1098 1592 1121 murum
1611 1089 1762 1128 tercium,
1780 1091 1908 1122 tantum
1926 1091 2011 1122 terre

191 1153 346 1196 spacium
370 1151 581 1185 incluserunt
597 1150 690 1192 quod
715 1149 799 1183 illud
824 1150 1066 1183 monasterium
1084 1148 1199 1183 Sancti
1218 1149 1306 1183 Petri
1325 1160 1413 1183 nunc
1431 1151 1516 1184 intra
1535 1151 1628 1184 urbis
1646 1152 1756 1184 menia
1774 1152 1933 1184 retinetur
1949 1149 2011 1192 (3).

193 1215 335 1250 Manent
358 1215 447 1247 enim
472 1214 624 1256 corporis
649 1213 753 1246 vitam
778 1221 880 1255 quam
905 1212 999 1245 illum
1025 1212 1177 1254 perdere.
1210 1212 1393 1254 Nunquam
1431 1214 1518 1245 enim
1556 1214 1677 1246 beatus
1702 1213 1867 1253 Valerius,
1893 1214 2014 1255 prede-

90 1301 120 1321 22.-
191 1285 310 1312 cessor
332 1277 407 1310 eius
431 1276 619 1318 episcopus
643 1275 868 1318 ypponensis,
893 1275 1006 1317 Ipsum
1031 1275 1201 1307 viventem
1220 1275 1382 1308 carlorem
1401 1275 1529 1315 habuit,
1547 1284 1648 1317 quam
1667 1284 1730 1308 nos
1748 1277 1913 1309 mortuum
1931 1285 2015 1317 pos-

93 1321 112 1342 ”·’
191 1339 355 1374 sidemus.
379 1335 467 1380 (1²01.
491 1337 578 1378 xiv,
602 1347 634 1370 v.
659 1346 678 1370 e
702 1336 763 1370 xv
788 1334 839 1379 r.).

193 1578 197 1579 ⁷
284 1535 380 1569 Feria
403 1535 500 1568 tertia
525 1543 660 1577 semper
673 1534 867 1576 predicatur
884 1535 917 1566 in
934 1534 1037 1567 domo
1053 1542 1120 1576 que
1137 1533 1259 1566 dicitur
1275 1535 1392 1566 sancte
1409 1533 1572 1566 Mustiole
1590 1533 1740 1566 Fratrum
1759 1533 2014 1573 Heremitarum,

194 1606 284 1641 quos
305 1598 387 1631 alibi
413 1596 686 1640 Augustinenses
702 1597 827 1630 vocant
851 1593 938 1638 (Fol.
963 1594 1035 1636 XV,
1060 1593 1111 1637 r.).

281 1801 382 1836 Omni
407 1811 507 1842 anno,
533 1802 566 1835 in
590 1801 674 1835 feria
698 1803 818 1843 quarta
842 1799 1015 1841 CInerum,
1041 1809 1138 1834 mane
1163 1801 1388 1843 congregatur
1412 1801 1445 1832 in
1468 1800 1658 1844 episcopali
1696 1800 1821 1842 palatio
1857 1800 2012 1842 synodus

104 1863 131 1915 ξ’
171 1865 393 1901 Δ(ι1εῐίιιοιίιιτι
417 1867 449 1898 et
473 1864 719 1907 religiosorum,
745 1863 802 1896 ubi
826 1864 863 1897 fit
886 1872 999 1897 sermo
1022 1863 1065 1896 de
1090 1860 1275 1905 penitentia
1300 1863 1352 1895 vel
1378 1862 1420 1896 de
1439 1862 1538 1895 laude
1555 1861 1695 1896 Ordinis
1712 1862 1888 1902 clericalis,
1906 1862 2015 1903 primo

104 1915 137 1961 {-
154 1965 156 1969 ,
194 1936 256 1971 per
269 1923 490 1971 Episcopum,
507 1927 536 1961 si
550 1926 633 1967 vult,
646 1929 705 1960 aut
718 1935 779 1969 per
791 1927 894 1960 alium
912 1926 1071 1960 clericum
1088 1926 1287 1965 secularem,
1304 1925 1458 1958 secundo
1471 1934 1532 1967 per
1546 1934 1649 1958 unum
1667 1925 1709 1958 de
1727 1924 2013 1964 Predicatoribus,

125 2026 128 2030 ,
193 1990 292 2024 tertio
315 1998 376 2033 per
398 1999 502 2023 unum
527 1989 569 2022 de
593 1989 798 2028 Minoribus,
834 1990 956 2030 quarto
980 1997 1040 2030 per
1064 1997 1167 2021 unum
1192 1989 1234 2020 de
1260 1987 1484 2021 Heremitanis
1499 1988 1606 2020 sancti
1622 1986 1801 2029 Augustini
1815 1983 1877 2027 (4),
1895 1987 2014 2028 quinto

144 2042 146 2045 ’
197 2060 258 2095 per
280 2060 384 2086 unum
409 2052 452 2086 de
475 2049 680 2085 Carmentis.
705 2048 791 2092 (Foi.
817 2050 890 2084 xvi
917 2048 968 2092 r.).

285 2255 387 2290 Plura
411 2258 491 2290 sunt
515 2257 720 2290 monasteria
744 2256 835 2289 intus
859 2257 891 2288 et
915 2256 1011 2288 extra
1036 2263 1144 2297 prope
1168 2251 1348 2296 (Ραρίαιη)
1371 2255 1483 2287 tantas
1508 2254 1629 2286 domos
1654 2253 1813 2286 habentia
1838 2254 1870 2285 et
1894 2252 2011 2293 spacia

197 2319 235 2352 ut
257 2319 368 2362 possit
392 2319 425 2352 in
450 2319 511 2359 eis,
536 2318 742 2360 quicumque
767 2317 847 2351 illuc
872 2317 1012 2356 venerit,
1037 2325 1182 2359 magnus
1206 2316 1357 2358 prelatus
1381 2315 1433 2348 vel
1460 2315 1642 2357 Imperator
1665 2316 1722 2347 aut
1747 2313 1817 2348 Rex
1836 2313 2012 2346 commode

110 2384 115 2391 ¹
191 2380 372 2424 hospitari,
395 2381 574 2424 presertim
599 2380 840 2414 monasterium
865 2378 980 2413 Sancti
1006 2378 1095 2412 Petri
1121 2379 1154 2411 In
1179 2378 1254 2412 celo
1278 2387 1382 2411 aureo
1406 2375 1492 2418 (Fol.
1519 2377 1603 2417 XVI,
1629 2374 1679 2418 r.).

200 2649 245 2668 uuo
257 2645 374 2673 apolero,
388 2650 455 2668 come
469 2645 578 2668 vediamo
592 2645 646 2673 oggi
660 2644 770 2667 avvenIre
793 2648 877 2671 presso
891 2643 897 2665 i
913 2642 953 2670 piu
967 2642 1078 2665 celebrari
1133 2642 1238 2669 reliquie.
1254 2641 1332 2663 Anche
1347 2641 1484 2663 BERNARDO
1499 2639 1592 2667 SAeco,
1608 2639 1643 2661 De
1657 2639 1764 2662 Italicar.
1780 2645 1826 2662 rer.
1850 2639 1966 2662 varietate
1987 2639 2012 2661 et

95 2710 126 2720 „2
189 2690 321 2713 ‘unturIL
335 2689 425 2717 Queste
438 2689 616 2713 dimostrazioni
639 2694 708 2712 verso
722 2688 746 2711 S.
762 2688 877 2716 Agosnno
898 2693 995 2715 presero
1016 2692 1079 2714 mag·
1132 2686 1260 2714 elegantur,
1277 2685 1357 2712 Pavia,
1374 2685 1433 2712 1587,
1449 2690 1501 2711 pag,
1524 2684 1571 2710 205,
1595 2684 1680 2706 scrisse
1704 2684 1746 2705 che
1763 2691 1775 2701 «
1792 2689 1820 2705 ne
1843 2683 1910 2705 facile
1932 2683 2010 2705 resciri

155 2749 159 2755 -
200 2733 265 2763 dore
282 2734 430 2762 importanza
450 2734 510 2757 colla
530 2734 618 2757 venuta
639 2733 700 2761 degli
723 2732 848 2755 Eremitani
863 2737 876 2754 e
890 2731 905 2754 ll
920 2737 1034 2754 concorso
1055 2730 1079 2753 tu
1134 2731 1225 2757 posset,
1241 2736 1288 2757 quo
1303 2730 1355 2751 inco
1370 2734 1457 2756 corpus
1474 2729 1546 2754 esset,
1570 2727 1647 2750 lerunt
1672 2727 1830 2755 Lytprandum
1854 2727 1930 2749 tribus
1953 2727 2011 2749 locis

101 2777 104 2778 ⁷
123 2771 134 2785 '³
190 2777 250 2810 Ὶ1511ιί
262 2778 430 2803 “nominatio
444 2778 475 2801 da
489 2778 604 2807 originare
617 2778 640 2800 la
653 2776 870 2805 frequentatissima
883 2775 949 2803 flera,
973 2775 1038 2798 detta
1055 2774 1078 2797 di
1133 2774 1234 2801 effossis,
1250 2773 1393 2800 structisque
1408 2772 1530 2799 sepulcris,
1545 2771 1626 2794 eadem
1641 2772 1710 2793 nocte
1724 2771 1833 2798 occlusis,
1848 2772 1874 2793 ut
1888 2772 1951 2793 certa
1961 2776 2012 2793 cor-

194 2814 227 2846 v8-
241 2821 364 2851 Acoetlno,
378 2823 421 2846 che
435 2828 507 2846 ancor
521 2823 575 2851 oggi
589 2822 603 2845 ὲ
617 2822 640 2844 in
654 2822 742 2849 vigore.
1136 2819 1201 2846 poris
1215 2818 1271 2840 sede
1286 2818 1400 2845 ignorata,
1416 2816 1530 2838 difficilior
1544 2816 1567 2838 in
1581 2821 1665 2838 aevum
1686 2815 1753 2838 tieret
1772 2815 1865 2838 occasio
1888 2815 1939 2838 elus
1961 2821 2012 2842 per—

253 2867 289 2894 (1)
302 2867 319 2890 11
333 2873 406 2895 corpo
420 2867 443 2890 dl
458 2867 482 2890 S.
497 2867 550 2890 stro
564 2872 604 2890 era
618 2866 712 2894 sepulto
727 2865 786 2888 nella
801 2865 876 2892 cripta
897 2869 911 2887 o
925 2863 1079 2891 contemno,
1134 2862 1239 2890 quii-endi
1255 2861 1407 2889 rapiendique
1424 2868 1443 2882 ιο.

201 2911 360 2940 volo-mente
373 2912 476 2939 scurolo,
491 2912 551 2934 nella
566 2910 709 2938 Cattedrale;
724 2910 739 2932 ll
753 2915 826 2937 corpo
841 2909 863 2931 di
878 2908 902 2931 S.
913 2908 1027 2936 Agostino
1037 2914 1076 2931 era
1185 2907 1216 2933 (3)
1230 2905 1319 2932 Questa
1333 2904 1487 2932 ampliazione
1502 2904 1562 2927 delle
1585 2909 1650 2926 mura
1665 2904 1687 2926 di
1703 2903 1774 2926 Pavia
1797 2903 1866 2926 risnle
1888 2903 1934 2926 alia
1949 2903 2011 2926 meti}

201 2955 263 2980 nell·
275 2956 351 2984 cripta
364 2956 388 2979 di
402 2955 426 2980 S.
442 2956 522 2979 Pletro
535 2956 559 2979 in
573 2955 638 2979 Cielo
652 2955 732 2977 d'oro.
1133 2950 1170 2973 del
1185 2950 1264 2973 secolo
1278 2949 1326 2971 Χ11.
1341 2949 1398 2971 vedi
1414 2948 1544 2976 Remum,
1558 2948 1662 2976 Notlzle.
1677 2948 1724 2971 voi.
1739 2948 1776 2975 lli,
1791 2953 1846 2975 pag.
1860 2948 1901 2970 310
1913 2953 1963 2975 seg.

253 2999 285 3028 (D
298 2999 371 3024 Come
384 3001 405 3024 si
419 3006 455 3029 sa,
468 3001 491 3023 le
505 3000 603 3028 reliquie
624 2999 647 3022 di
661 2998 685 3022 s.
707 2998 830 3026 Agostino,
852 2997 972 3020 racchiuse
993 2997 1016 3018 in
1037 2996 1076 3018 tri·
1182 2994 1212 3020 (4)
1225 2994 1257 3016 Fu
1268 2994 1290 3015 In
1300 2999 1347 3015 uno
1357 2993 1380 3015 di
1391 2993 1468 3020 questi
1483 2992 1584 3015 sermoni
1595 2992 1637 3015 che
1646 2992 1811 3020 l'agostiniano
1825 2991 1884 3014 frate
1899 2991 2011 3014 OEacomo

195 3043 263 3079 ¹91¹oe
275 3049 352 3074 σω,
366 3045 389 3068 di
404 3050 502 3072 marmo,
521 3044 545 3067 d'
551 3045 650 3072 argento
665 3049 678 3066 e
692 3043 714 3065 di
729 3043 843 3070 cipresso,
867 3043 967 3064 stavano
989 3041 1079 3062 murare
1134 3038 1253 3061 Bussolari
1269 3037 1287 3059 si
1303 3036 1376 3060 rivelb
1389 3037 1412 3059 ai
1427 3037 1515 3064 popolo
1530 3042 1617 3064 pavese
1631 3036 1686 3063 quei
1700 3036 1787 3063 grande
1801 3037 1903 3063 oratore,
1914 3036 1956 3058 che
1966 3035 2010 3063 egli

195 3087 330 3119 ΔΙισΙΙἎΙίιιέ
343 3088 381 3112 del
394 3088 548 3112 contessorlo.
563 3088 595 3110 Le
609 3087 690 3115 parole
704 3086 875 3109 deii'Anonimo
889 3090 935 3107 non
956 3084 1076 3112 riportano
1131 3088 1170 3105 era
1185 3082 1326 3105 veramente.
1341 3081 1399 3104 ved!
1414 3080 1448 3103 Μ.
1463 3080 1573 3108 νιιιΛΝι,
1584 3080 1606 3102 ln
1621 3080 1767 3107 MURATOiu,
1782 3079 1836 3103 Rer.
1852 3079 1907 3102 Ital.
1923 3079 2010 3106 Scripr.

203 3127 247 3156 die
259 3132 282 3156 In
294 3133 408 3162 leam&
421 3133 543 3161 populere.
559 3132 643 3155 durata
657 3131 710 3154 alno
730 3130 914 3153 airinvenzione
935 3128 995 3151 delle
1016 3133 1082 3150 sacre
1137 3126 1183 3149 vol.
1199 3125 1258 3153 XIV,
1272 3125 1317 3148 col.
1331 3125 1379 3148 468.
