2496 3600
497 243 537 278 16
2331 290 2351 298 ,1

491 378 616 412 debitis
633 380 665 411 et
681 379 866 418 consuetis,
883 378 977 411 iuxta
1002 386 1127 411 morem
1153 377 1232 410 dicti
1257 375 1398 410 Ordinis
1422 375 1652 415 Eremitarum,
1669 374 1771 409 iidem
1787 374 1920 409 Fratres
1936 374 2087 409 construi
2101 374 2228 410 faciant
2242 376 2318 413 suis

491 441 695 483 sumptibus,
714 441 767 474 vel
785 441 827 474 de
845 440 1052 483 elemosynis
1075 439 1225 472 fidelium
1250 439 1382 480 absque
1406 446 1508 471 onere
1534 438 1685 480 ipsorum
1709 437 1855 472 Abbatis
1889 439 1923 472 et
1938 435 2200 479 Canonicorurn,
2216 439 2319 482 prout

489 503 590 536 dictis
608 502 780 536 Fratribus
808 502 975 536 Dominus
1003 498 1278 542 ministrabit(l).
1304 499 1344 534 Et
1368 500 1588 542 provideatur
1603 500 1764 534 attentius
1780 500 1813 533 in
1830 500 1894 534 hac
1911 502 2016 543 parte,
2033 500 2127 543 quod
2143 501 2173 535 si
2189 500 2319 536 fundus
2349 511 2351 519 ¹
2403 546 2405 548 q

490 565 543 598 vel
558 565 678 605 solum,
697 565 753 598 ubi
771 565 851 598 dieti
871 565 1003 598 Fratres
1028 564 1208 597 hedificare
1234 562 1412 602 voluerint,
1425 563 1469 596 sit
1481 562 1669 604 aliquarum
1694 571 1926 605 personarum,
1944 562 1997 596 vel
2015 562 2214 596 dilectorum
2230 563 2341 597 filio»

490 636 561 660 rum
598 626 807 667 Communis,
833 636 893 660 seu
934 626 1139 659 venerabilis
1174 625 1285 658 fratris
1321 625 1425 658 nostri
1462 624 1625 667 Episcopi
1665 625 1852 667 papiensis,
1887 627 1945 658 aut
1979 625 2118 659 alterius
2152 625 2318 667 ecclesie,
2360 637 2373 642 ’-

490 689 675 722 dummodo
700 689 838 731 aliquod
863 689 955 722 aliud
982 688 1233 727 monasterium,
1259 686 1312 720 vel
1337 687 1483 720 ecclesia
1508 687 1589 720 inibi
1615 695 1682 720 non
1714 687 1849 728 existat,
1874 687 1978 727 illum,
2003 687 2056 721 vel
2082 687 2165 721 illud
2196 687 2317 730 prefati

489 751 622 784 Fratres
647 753 768 790 ement,
787 751 839 784 vel
865 750 941 784 aliis
966 750 1064 783 iustis
1089 749 1200 782 modis
1225 750 1401 791 acquirent
1425 750 1458 782 et
1482 749 1607 782 ibidem
1633 749 1864 783 hedificabunt
1887 749 1961 783 suis
1977 749 2182 792 sumptibus,
2199 749 2254 784 vel
2270 749 2315 784 de
2350 746 2380 801 ‘J'

489 813 682 846 huiusmodi
708 813 925 855 elemosynis,
951 814 1050 854 prout
1075 812 1234 854 superius
1258 813 1310 845 est
1333 820 1548 854 expressum
1573 811 1601 844 si
1626 820 1709 844 vero
1733 811 1821 844 idem
1845 810 1983 854 fundus,
2014 819 2076 845 seu
2101 811 2223 852 solum,
2245 810 2323 846 Ab·
2348 804 2379 839 ἶ

488 876 576 908 batis
601 878 632 908 et
658 873 908 908 Canonicorum
933 875 1094 908 existeret
1119 875 1380 917 praedictorum,
1406 874 1498 907 illum
1515 873 1569 907 vel
1587 873 1669 906 illud
1687 873 1927 907 nichilominus
1943 873 2024 907 dicti
2049 873 2182 908 Fratres
2205 875 2319 909 eruent
2343 862 2377 910 ’,τῖ’

488 938 577 970 iusto
602 938 710 979 pretio
734 938 778 970 ab
803 937 934 970 iisdem.
960 935 1061 976 Quod
1087 937 1115 970 si
1141 936 1225 970 forte
1250 936 1370 970 Abbas
1393 938 1426 969 et
1450 934 1614 970 Canonici
1636 930 1799 969 vantedicti
1838 935 2027 978 predictum
2066 935 2219 977 fundum,
2254 944 2317 972 seu

486 999 596 1033 solum
621 1009 682 1041 pro
708 1000 797 1032 iusto
823 1001 857 1032 ut
883 999 1048 1041 prefertur
1072 1000 1181 1041 pretio
1206 999 1333 1032 nollent
1357 998 1505 1032 vendere
1542 998 1714 1032 Fratribus
1750 999 1954 1039 memoratis,
1979 1007 2040 1032 eos
2063 999 2108 1032 ad
2133 998 2178 1039 id,
2210 997 2324 1033 moni·-
2350 1007 2371 1019 ’-

486 1063 575 1095 tione
602 1063 778 1103 premissa,
807 1071 868 1104 per
895 1071 1074 1095 censuram
1099 1062 1379 1102 ecclesiasticam,
1403 1061 1539 1095 sublato
1563 1061 1804 1103 appellationis
1827 1061 2018 1101 obstaculo,
2034 1061 2233 1095 auctoritate
2256 1069 2321 1096 no-

487 1127 555 1157 stra
580 1125 795 1158 decrevimus
820 1125 1086 1166 compellendos.
1113 1124 1146 1157 ln
1172 1125 1299 1158 divinis
1323 1126 1434 1157 autem
1459 1123 1582 1157 officiis
1606 1123 1743 1156 modum
1768 1124 1896 1158 servari
1921 1123 2080 1158 volumus
2103 1122 2323 1167 subsequen-⁷

487 1189 564 1226 tem,
590 1187 730 1226 scilicet,
756 1187 848 1228 quod
874 1196 950 1219 cum
975 1188 1042 1219 tam
1067 1185 1232 1220 Canonici
1257 1196 1359 1228 quam
1384 1186 1517 1219 Fratres
1541 1186 1684 1228 predicti
1709 1185 1881 1219 conforme
1905 1186 2058 1219 divinum
2082 1185 2232 1220 officium
2264 1184 2322 1220 di-

488 1251 606 1281 cantur
631 1249 766 1288 habere,
791 1249 856 1290 ipsi
882 1247 1046 1282 Canonici
1072 1250 1104 1281 et
1129 1248 1262 1282 Fratres
1286 1248 1432 1288 insimul,
1457 1248 1586 1281 eisdem
1610 1248 1832 1290 temporibus,
1868 1247 1954 1281 locis
1977 1250 2010 1281 et
2045 1248 2138 1282 horis
2171 1255 2318 1291 pensum
2349 1246 2366 1292 J
2382 1250 2397 1279 ἒ.

487 1311 600 1343 debite
627 1311 799 1344 servitutis
824 1310 971 1343 Domino
1007 1310 1160 1350 soluturi,
1193 1311 1397 1344 conveniant
1421 1310 1454 1343 in
1487 1310 1633 1343 ecclesia
1669 1312 1862 1350 memorata,
1886 1310 1933 1344 ita
1956 1310 2048 1352 quod
2073 1310 2117 1343 ab
2151 1310 2214 1351 eis,
2248 1318 2317 1344 non

487 1373 645 1412 diversis,
682 1373 743 1405 sed
781 1373 910 1406 eisdem
946 1373 1168 1415 temporibus,
1205 1372 1300 1413 locis,
1337 1374 1369 1406 et
1405 1373 1497 1405 horis
1533 1373 1614 1405 hore
1649 1372 1828 1412 canonice,
1864 1374 1896 1405 et
1932 1372 2042 1406 Misse
2076 1371 2248 1406 solemnes
2282 1372 2321 1407 in

487 1435 577 1467 dicta
602 1435 748 1468 ecclesia
773 1435 995 1468 celebrentur.
1021 1433 1178 1468 Secretas
1203 1437 1314 1467 autem
1339 1434 1470 1468 Missas
1494 1435 1574 1468 dicti
1600 1432 1764 1468 Canonici
1790 1436 1823 1467 et
1847 1433 1980 1467 Fratres
2005 1434 2117 1477 legere
2141 1436 2316 1477 poterunt,

490 1499 590 1538 prout
615 1497 739 1536 volent,
765 1497 952 1537 honestate,
977 1497 1132 1530 decentia
1157 1499 1189 1530 et
1213 1497 1401 1539 aptitudine
1427 1496 1491 1530 loci
1517 1499 1549 1529 et
1573 1497 1736 1538 temporis
1775 1497 1978 1530 observatis.
2003 1495 2169 1530 Volumus
2202 1497 2317 1531 tamen
2387 1535 2390 1539 ,

490 1561 524 1591 ut
538 1559 566 1591 si
581 1559 698 1591 altaria
712 1559 744 1591 in
759 1559 850 1591 dicto
864 1559 1068 1592 monasterio
1083 1559 1147 1592 iam
1162 1561 1273 1592 erecta
1298 1559 1364 1592 sint
1377 1558 1512 1600 equalia
1537 1568 1686 1598 numero,
1700 1567 1816 1591 eorum
1830 1559 1995 1592 medietas
2007 1558 2108 1592 dictis
2121 1557 2321 1600 Canonids,
2361 1551 2408 1605 μζ]

487 1623 520 1654 et
545 1621 673 1663 reliqua
698 1622 863 1654 medietas
888 1622 1071 1654 eorundem
1097 1622 1226 1654 eisdem
1244 1621 1416 1654 Fratribus
1433 1630 1495 1663 pro
1520 1621 1674 1664 legendis
1699 1621 1814 1654 missis
1838 1621 2032 1654 huiusmodi
2057 1621 2261 1664 assignetur:
2282 1621 2315 1656 si
2370 1611 2393 1666 js

489 1693 570 1717 vero
595 1685 743 1716 existant
768 1684 938 1726 inequalia
974 1693 1124 1724 numero,
1161 1684 1267 1717 maior
1290 1692 1370 1726 pars
1394 1693 1510 1717 eorum
1535 1684 1578 1716 ad
1603 1684 1637 1716 id
1662 1683 1843 1725 deputetur
1866 1683 2039 1717 Fratribus
2063 1684 2318 1726 memoratifflet

490 1747 570 1788 quia
595 1746 684 1779 idem
709 1746 828 1779 Abbas
852 1747 1022 1788 antiquior
1050 1747 1082 1779 in
1113 1747 1199 1787 loco,
1224 1749 1256 1779 et
1281 1746 1443 1789 dignitate
1469 1747 1575 1780 maior
1598 1747 1724 1786 existit,
1761 1745 1880 1780 Abbas
1904 1746 1962 1788 qui
1986 1748 2049 1786 est,
2077 1748 2111 1780 et
2137 1755 2200 1789 pro
2233 1748 2326 1781 tem-

489 1818 571 1850 pore
607 1809 717 1848 fuerit‚
755 1809 787 1841 in
813 1808 1101 1842 celebrationibus
1141 1809 1336 1848 missarum,
1372 1811 1405 1842 et
1441 1809 1732 1851 predicationibus
1763 1809 1797 1841 in
1828 1807 1960 1842 Natalis
1999 1807 2136 1842 Domini
2170 1810 2204 1843 et
2237 1808 2326 1853 Epi-

490 1871 624 1912 phanie,
663 1870 839 1903 Dominice
876 1871 909 1903 in
934 1870 1049 1905 Ramis
1085 1871 1283 1913 palmarum,
1319 1870 1589 1906 Resurrectionis
1613 1872 1646 1904 et
1670 1870 1893 1904 Ascensionis
1929 1869 2122 1912 Dominice,
2154 1870 2327 1907 Penteco·
2378 1876 2390 1902 μ’

489 1935 578 1973 stes,
603 1933 797 1966 Navititatis
823 1933 911 1966 beati
949 1933 1107 1966 Iohannis
1143 1933 1307 1975 Baptiste,
1345 1934 1378 1966 in
1404 1934 1564 1966 omnibus
1587 1935 1620 1966 et
1643 1933 1788 1976 singulis
1823 1934 2016 1967 sanctorum
2052 1932 2142 1967 Petri
2165 1935 2200 1967 et
2220 1932 2319 1968 Pauli
2390 1967 2404 1983 =.

489 1995 742 2037 Apostolorum,
768 1994 1033 2037 Assumptionis,
1059 1998 1091 2029 et
1116 1996 1274 2029 omnibus
1291 1996 1367 2029 aliis
1385 1995 1422 2029 B.
1452 1995 1610 2038 Virginis,
1639 1994 1673 2029 S.
1702 1995 1894 2038 Augustini,
1922 1995 2071 2028 omnium
2106 1993 2319 2038 Sanctorum,

490 2056 767 2091 Consecrationis
804 2067 864 2090 seu
902 2057 1136 2091 Dedicationis
1177 2058 1330 2091 Ecclesie
1355 2058 1435 2091 dicti
1476 2058 1683 2098 monasterii,
1708 2059 1741 2091 et
1765 2058 1798 2090 in
1834 2057 1993 2090 omnibus
2028 2055 2228 2092 Sanctorum
2262 2066 2327 2092 so-
2373 2044 2393 2084 ’ἓ

491 2119 711 2152 lemnioribus
736 2120 889 2152 eiusdem
915 2121 1109 2153 monasterii
1134 2120 1388 2160 festivitatibus,
1417 2120 1544 2162 quibus
1579 2120 1773 2162 specialiter
1808 2121 1987 2154 consuevit
2022 2119 2202 2154 multitudo
2235 2120 2322 2154 fide-
2375 2108 2405 2163 s

491 2182 570 2215 lium
596 2183 778 2215 convenire
804 2183 836 2214 in
862 2183 1008 2216 ecclesia
1033 2183 1113 2216 dicti
1150 2183 1362 2223 Monasterii,
1387 2183 1591 2225 preferatur,
1628 2185 1663 2216 ut
1699 2183 1838 2216 missam
1874 2182 2111 2216 solemniorem
2146 2183 2327 2218 celebran-

492 2245 569 2277 dam
595 2245 717 2277 diebus
743 2245 937 2277 huiusmodi
974 2245 1132 2285 celebret,
1169 2247 1200 2278 et
1237 2246 1269 2278 in
1295 2245 1490 2278 solemniori
1526 2245 1758 2287 predicatione
1794 2245 1879 2288 ipsis
1914 2245 2015 2278 etiam
2050 2245 2174 2278 diebus
2207 2245 2328 2288 predi&
2361 2227 2409 2294 ’ξ’

491 2309 554 2347 cet,
579 2308 607 2340 si
634 2308 697 2340 hoc
723 2307 867 2340 voluerit
891 2308 979 2341 idem
1005 2307 1134 2348 Abbas;
1164 2308 1193 2341 si
1218 2310 1330 2341 autem
1370 2308 1541 2341 celebrare
1566 2310 1624 2341 aut
1663 2308 1838 2350 predicare
1874 2308 2074 2350 nequiverit,
2099 2308 2154 2341 vel
2177 2307 2323 2345 noluerit
2376 2298 2412 2351 'J'

494 2371 567 2412 ipse
593 2370 722 2410 Abbas,
749 2370 824 2403 loco
849 2371 923 2403 eius
948 2368 992 2411 (si
1018 2373 1129 2404 tamen
1155 2371 1396 2404 monasterium
1422 2371 1534 2413 ipsum
1559 2370 1709 2403 Priorem
1734 2370 1948 2404 claustralem
1973 2367 2112 2412 habeat)
2135 2370 2211 2413 ipse
2226 2369 2325 2405 Prior
2394 2359 2407 2397 ’ἓῖ

494 2432 686 2465 claustralis
711 2433 743 2464 in
770 2433 963 2465 huiusmodi
1001 2433 1227 2466 celebratione
1253 2435 1285 2466 et
1309 2433 1540 2475 predicatione
1576 2432 1749 2466 succedat.
1774 2430 1852 2471 Quo
1876 2432 2044 2474 siquidem
2080 2431 2196 2466 Priore
2230 2431 2332 2466 clau-

495 2495 587 2527 strali
613 2491 657 2535 (si
683 2504 758 2527 eum
785 2495 1025 2527 monasterium
1063 2495 1174 2536 ipsum
1211 2495 1344 2535 habeat,
1370 2497 1405 2528 ut
1429 2492 1609 2536 prefertur)
1641 2494 1829 2534 celebrare,
1872 2503 1933 2527 seu
1969 2494 2144 2536 predicare
2172 2493 2330 2528 similiter

553 2651 583 2676 (9)
599 2652 622 2673 ln
637 2653 700 2673 tutto
716 2653 801 2679 questo
817 2657 888 2678 passo
904 2652 916 2673 e
931 2652 1038 2674 evidente
1060 2652 1164 2674 trattarsi
1185 2652 1207 2674 di
1230 2658 1275 2674 una
1297 2654 1386 2674 costru-
1441 2653 1526 2679 questo
1549 2653 1660 2675 racconto
1674 2652 1688 2674 ὲ
1702 2652 1841 2674 dimostrata
1855 2651 1892 2674 dai
1914 2651 2047 2674 documenti
2068 2651 2224 2679 antecedenti,
2237 2651 2268 2675 dn
2281 2650 2320 2675 cul

503 2697 568 2717 zione
584 2702 612 2718 ex
627 2702 694 2723 novo,
710 2697 752 2718 che
767 2697 797 2723 gli
812 2696 958 2723 Agostiniani
974 2697 1096 2719 dovevano
1110 2696 1295 2723 kintraprendere
1310 2703 1351 2723 per
1365 2697 1386 2718 le
1441 2697 1460 2718 si
1476 2697 1547 2718 rileva
1568 2697 1610 2719 che
1624 2697 1654 2724 gli
1677 2697 1802 2719 Eremitani
1815 2697 1839 2718 in
1854 2696 1925 2718 Pavia
1946 2696 2080 2718 esistevano
2100 2696 2136 2718 sin
2157 2696 2196 2718 dal
2218 2696 2270 2719 12⁵⁴
2288 2695 2326 2718 fi}-

502 2741 552 2762 loro
567 2741 692 2762 abitazioni
707 2747 721 2762 a
736 2740 760 2763 S.
776 2741 862 2763 Pietro.
874 2736 892 2763 Ε
906 2741 966 2763 falso
983 2741 1062 2768 percio
1072 2742 1087 2763 il
1098 2743 1208 2764 racconto
1223 2742 1283 2763 della
1294 2749 1306 2759 α
1316 2741 1387 2764 Chro·
1441 2747 1517 2768 meno,
1528 2747 1540 2763 e
1550 2742 1592 2763 che
1607 2741 1643 2763 nel
1660 2741 1712 2764 lm>
1724 2741 1801 2763 fecero
1815 2741 1924 2768 acquisto
1937 2746 1983 2762 non
1998 2741 2020 2762 di
2035 2746 2140 2767 capanne
2149 2740 2172 2762 di
2181 2740 2270 2768 viminu.
2282 2745 2322 2764 ωι
2407 2762 2414 2771 1

504 2786 554 2807 nica
569 2786 732 2812 antiquissima
747 2793 758 2803 »
774 2786 846 2808 citata
861 2786 898 2808 dal
917 2786 1048 2808 PENNOTTl
1069 2786 1115 2813 (op.
1132 2787 1172 2808 cit.
1195 2792 1248 2813 pag.
1271 2787 1331 2813 211),
1353 2792 1389 2808 se-
1443 2786 1465 2807 di
1481 2791 1542 2808 case.
1558 2785 1577 2807 Α
1591 2786 1628 2808 cib
1642 2786 1662 2808 si
1676 2785 1793 2812 aggiungu
1807 2785 1850 2808 che
1863 2785 1885 2807 la
1899 2785 2012 2812 Qunam,
2037 2786 2130 2812 pretesa
2144 2784 2323 2814 anthaluium,
2378 2771 2405 2815 >³

504 2830 579 2851 condo
594 2830 615 2851 la
636 2830 712 2857 quale,
735 2830 798 2856 dopo
813 2831 827 2852 il
845 2831 896 2852 1310
911 2838 922 2848 α
936 2832 1096 2858 apparuerunt
1118 2831 1250 2853 huiusmodi
1274 2831 1388 2853 Eremltae
1443 2836 1489 2852 non
1503 2831 1572 2852 risale
1593 2830 1652 2852 oltre
1667 2830 1688 2852 ln
1703 2830 1777 2856 prima
1798 2829 1860 2852 meti
1881 2829 1918 2851 del
1939 2829 2018 2851 secolo
2033 2829 2096 2856 xw,
2111 2834 2177 2851 corne
2191 2835 2220 2852 ne
2233 2828 2257 2852 h
2269 2829 2324 2853 hd}
2404 2859 2407 2862 ψ

504 2873 667 2900 (Agostiniani)
682 2875 704 2896 in
719 2875 762 2896 hac
777 2875 872 2897 civitate
894 2875 1015 2902 Papiae...
1031 2876 1114 2902 rogant
1129 2877 1158 2904 ut
1170 2876 1246 2897 locum
1268 2876 1388 2897 obtineant
1443 2875 1570 2901 l'originale
1585 2875 1607 2896 in
1623 2874 1716 2897 Bibliot.
1732 2874 1882 2897 Universitar.
1898 2874 1921 2896 di
1937 2873 2016 2902 Pavia,
2031 2873 2117 2896 Codice
2130 2879 2153 2896 n.
2167 2874 2215 2896 OE.
2226 2873 2255 2896 Di
2269 2878 2327 2902 quo

507 2923 580 2944 prope
596 2919 788 2940 monasterium...
804 2919 903 2940 casellas
917 2925 945 2941 ex
960 2920 1085 2941 viminibus
1100 2921 1252 2947 componunt,
1267 2920 1392 2941 viminibus
1446 2921 1483 2941 sta
1499 2919 1603 2941 Cronaca
1622 2924 1696 2940 aveva
1711 2918 1748 2940 del
1763 2919 1828 2941 resto
1849 2918 2006 2946 giustamente
2026 2918 2148 2940 attenuata
2169 2918 2191 2940 la
2211 2917 2289 2941 talsifi
2309 2918 2326 2941 n
2395 2946 2398 2950 ,

506 2962 595 2988 lapides
619 2962 739 2989 adiiciunt,
763 2968 791 2984 ac
815 2963 927 2990 paulatim
949 2963 978 2985 de
999 2964 1116 2990 lapidibus
1138 2964 1246 2986 casellam
1267 2964 1290 2986 in
1311 2969 1390 2986 casam
1445 2963 1553 2986 TORELLl
1567 2962 1604 2990 (V,
1618 2963 1667 2989 ⁴8)
1681 2968 1694 2984 e
1709 2963 1800 2984 l’aveva
1814 2962 1894 2985 detta-
1907 2961 2008 2984 formata
2026 2962 2165 2990 daqualche
2178 2963 2273 2985 curioso
2294 2962 2339 2985 ln—
2378 2960 2403 2977 ,·

506 3005 655 3028 aedificant...
671 3005 798 3028 Conssuunt
812 3007 834 3028 in
849 3012 933 3034 magno
947 3013 1052 3035 numero,
1074 3009 1182 3030 crescunt
1203 3008 1343 3030 Eremitae...
1365 3010 1388 3030 et
1443 3013 1518 3035 gegno
1528 3015 1540 3026 ι
1549 3009 1685 3030 eaccettata
1693 3007 1731 3029 dal
1741 3007 1849 3029 Pennotti
1864 3014 1876 3026 α
1885 3006 1916 3029 nd
1925 3007 1990 3029 ccclii
2000 3007 2100 3029 chiusi...
2110 3012 2181 3029 senza
2190 3007 2339 3035 annuae.
2368 2999 2383 3004 ‚,
2394 3010 2406 3030 ἰ·

508 3049 601 3071 tandem
628 3050 691 3077 quod
714 3050 788 3077 gratis
811 3051 948 3077 suppliciter
971 3053 1127 3079 acceperunt,
1152 3052 1228 3074 media
1250 3052 1391 3074 auctoritate
1445 3057 1513 3074 come
1526 3052 1625 3079 doveva‚
1640 3052 1662 3074 la
1677 3051 1699 3073 di
1715 3051 1743 3074 lei
1758 3051 1833 3074 veriti
1846 3057 1862 3074 ο
1876 3051 1946 3079 bugin
1960 3058 1981 3073 ».
2367 3047 2369 3050 ⁴

509 3093 629 3115 Pontificls
643 3094 687 3115 sibi
702 3094 725 3115 in
740 3094 867 3116 dominium
889 3100 1003 3122 usurpare
1025 3096 1169 3118 contendunt
1183 3096 1208 3122 »,'.
1225 3097 1256 3118 La
1271 3096 1349 3119 fulsit&
1371 3096 1394 3118 di
