2496 3600
1981 204 2042 236 113

1324 312 1375 334 aem

229 334 316 368 hanc
339 341 439 367 unam
462 333 540 366 fons
563 334 596 365 et
619 332 823 374 principium
848 334 881 365 et
905 341 1011 366 causa
1035 333 1155 366 horum
1181 333 1343 365 malorum
1363 331 1518 366 'omnium
1544 334 1610 366 dici
1637 335 1752 367 velis?
1776 335 1861 367 Nam
1880 337 1957 377 quis
1976 337 2042 369 ulla

228 398 337 431 aetate
362 395 486 430 bellum
510 395 575 428 hoc
599 396 658 428 aut
681 395 868 428 meminerit
892 397 950 428 aut
974 395 1215 438 narrabithqui
1241 387 1308 428 non
1333 397 1426 428 tuum
1453 396 1485 427 in
1510 396 1695 437 primordio
1719 397 1843 430 flebilis
1883 398 2042 431 historiae

229 467 350 493 nomen
363 456 513 500 ponat?-
544 455 631 495 Quis
667 457 753 490 hanc
789 457 906 499 pinget
941 458 1127 497 historiam,
1163 467 1251 499 quae
1287 453 1439 499 iamper
1462 458 1559 490 aulas
1595 459 1815 500 porticusque
1849 463 2041 502 magnatum

227 521 320 564 pingi
333 520 472 562 incipit,
496 520 554 561 qui
580 528 647 552 non
665 521 697 552 et
714 519 800 552 inter
816 519 1031 552 consiliarios
1049 521 1081 552 et
1099 520 1184 552 inter
1200 520 1296 561 ipsos
1321 520 1420 552 etiam
1439 520 1621 553 bellatores
1638 523 1728 553 tuam
1746 522 1849 563 fingat
1867 522 2012 564 effigiem
2024 523 2042 555 ἶ)

227 583 353 617 Mirum
377 590 519 624 prorsus
543 590 606 614 nec
631 590 780 623 unquam
805 581 890 614 alias
915 582 1026 614 visum
1063 582 1308 623 spectaculum,
1334 582 1420 615 inter
1444 583 1561 624 galeas
1586 583 1796 625 clypeosque
1821 586 1853 616 et
1878 585 2042 618 micantes

226 644 359 689 gladios
383 645 415 677 et
438 643 505 677 tela
528 644 715 683 trementia,
741 652 916 676 venenoso
941 643 1056 676 afflatu
1081 644 1213 677 animos
1238 644 1392 677 inficiens
1410 646 1442 677 et
1459 645 1574 678 verbis
1600 645 1779 678 intendens
1805 646 1929 679 bellum
1948 648 2042 689 nigra

226 706 421 741 succinctus
445 707 541 738 veste
565 705 767 738 fraterculus
791 702 864 747 (1)!
890 704 1012 738 Gaude
1038 706 1148 748 igitur,
1173 706 1290 738 exulta
1314 706 1372 747 qui
1398 715 1416 739 e
1441 707 1549 739 tribus
1574 705 1716 740 Catonis
1742 709 1854 750 magni
1880 710 1912 741 et
1929 718 1947 741 e
1970 708 2043 742 Sci—

170 799 171 802 ,
226 769 338 812 pionis
361 767 538 801 Aemiliani
563 767 724 800 laudibus
748 769 955 800 consecutus
980 777 1018 800 es
1043 767 1140 807 duas,
1166 769 1201 800 ut
1226 768 1356 801 seilicet
1373 771 1405 801 et
1423 769 1605 810 imperator
1628 770 1678 802 sis
1703 771 1735 802 et
1752 772 1865 803 orator
1881 771 2042 812 optimus,

225 831 352 874 quippe
387 830 445 872 qui
481 830 668 862 exercitum
705 831 788 862 nutu
823 829 910 869 solo,
946 829 1111 871 populum
1137 839 1222 862 voce
1247 839 1356 872 regas.
1382 830 1433 863 Ne
1458 840 1526 872 qua
1550 834 1662 864 autem
1687 832 1720 864 in
1746 841 1780 864 re
1805 833 1949 865 summis
1975 833 2041 866 illis

225 893 307 927 viris
329 892 444 932 cedas,
468 901 584 925 eorum
609 901 746 934 quoque
771 891 905 924 laudem
930 892 1061 925 tertiam
1088 901 1252 934 usurpare
1277 893 1355 934 quis
1380 893 1546 935 prohibet,
1572 896 1607 926 ut
1631 894 1780 935 optimus
1798 895 1897 927 etiam
1923 896 1972 928 sis
1989 905 2043 928 se-

224 957 329 995 nator,
346 954 484 997 quando
501 954 612 987 omnis
629 954 757 996 patriae
773 954 918 994 fortuna,
935 963 1054 987 omnes
1072 955 1255 996 primorum
1270 955 1418 988 civitatis
1435 956 1622 989 sententiae
1640 957 1682 989 de
1700 957 1853 990 consiliis
1870 958 1936 990 tuis
1961 968 2043 1000 pen-

221 1017 334 1052 dent?
350 1016 437 1050 Tres
453 1017 542 1049 enim
560 1017 593 1049 in
611 1017 746 1049 homine
763 1025 915 1049 summas
933 1025 986 1049 res
1004 1019 1145 1058 uterque
1175 1017 1307 1050 illorum
1333 1018 1545 1059 praestitisse
1574 1018 1687 1058 fertur,
1717 1021 1752 1052 ut
1777 1021 1869 1052 esset
1892 1021 2042 1062 optimus

223 1080 343 1119 orator,
367 1079 516 1120 optimus
541 1079 733 1120 imperator,
751 1079 901 1120 optimus
919 1080 1065 1111 senator.
1084 1077 1152 1112 Sed
1170 1079 1260 1119 vide,
1277 1088 1348 1119 oro,
1367 1089 1408 1112 ne
1426 1089 1494 1121 qua
1510 1082 1542 1113 te
1560 1080 1686 1122 gloriae
1704 1082 1876 1123 cupiditas
1893 1082 2043 1124 obliquis

222 1142 412 1176 tramitibus
437 1141 503 1174 huc
528 1141 689 1183 impellat.
715 1140 872 1174 Profecto
897 1141 985 1174 enim
1011 1150 1111 1174 nemo
1136 1141 1190 1174 vel
1215 1144 1352 1175 senator
1369 1142 1422 1175 vel
1441 1143 1623 1184 imperator
1640 1144 1751 1177 bonus
1768 1146 1830 1184 est,
1859 1154 1900 1178 ne
1929 1146 2039 1178 dicam

187 1212 190 1214 ·
221 1205 380 1247 optimus,
417 1204 482 1237 nisi
518 1204 576 1245 qui
601 1203 692 1236 domi
729 1203 936 1245 militiaeque
961 1212 1002 1236 ea
1026 1203 1173 1236 consulit
1209 1206 1311 1246 atque
1347 1205 1461 1251 agitat,
1487 1214 1554 1237 non
1580 1215 1667 1247 quae
1693 1206 1757 1239 sibi
1784 1208 1953 1248 speciosa,
1979 1208 2041 1241 sed

220 1275 308 1309 quae
343 1266 472 1308 populo
508 1268 610 1308 atque
646 1266 811 1298 exercitui
847 1265 1023 1298 fructuosa
1048 1267 1136 1299 sunt.
1162 1265 1190 1298 A
1216 1275 1285 1307 quo
1309 1269 1341 1299 te
1367 1276 1469 1308 quam
1495 1267 1694 1310 longissime
1719 1269 1843 1302 abesse
1869 1270 1947 1311 quis
1972 1279 2039 1302 non

220 1329 323 1370 videt,
347 1330 404 1372 qui
429 1330 526 1371 pacis
550 1329 731 1362 dulcedine
756 1328 914 1371 relegata,
940 1328 1027 1361 ultro
1052 1329 1085 1361 in
1110 1329 1253 1370 patriam
1278 1329 1404 1362 bellum
1430 1331 1680 1363 amarissimum
1712 1333 1814 1374 atque
1839 1341 1968 1374 anceps
1993 1335 2042 1366 at-

139 1379 163 1410 's
219 1392 395 1426 traxeris?
431 1391 547 1426 Restat
582 1391 726 1424 oratoris
762 1400 885 1424 nomen
921 1391 1043 1431 solum,
1081 1391 1173 1433 quod
1210 1392 1322 1433 ipsum
1360 1392 1448 1425 mala
1484 1394 1517 1425 et
1553 1393 1657 1425 noxia
1697 1394 1875 1426 suadendo
1923 1396 2040 1428 mereri

219 1455 376 1497 equidem
401 1464 469 1487 non
493 1456 604 1497 potes,
628 1463 716 1494 cum,
740 1454 830 1488 sicut
853 1454 996 1487 summis
1021 1454 1213 1487 oratoribus
1237 1455 1349 1487 visum
1374 1457 1436 1494 est,
1462 1457 1574 1488 orator
1598 1456 1641 1489 sit
1666 1456 1717 1488 vir
1753 1457 1864 1489 bonus
1889 1457 2042 1490 dicendi-

218 1526 286 1560 que
308 1518 449 1560 peritus.
474 1517 584 1550 Video
608 1517 641 1550 in
666 1519 813 1559 quantas
837 1517 1016 1559 angustias
1040 1518 1072 1550 te
1097 1519 1266 1550 coarctem
1291 1517 1349 1559 qui
1375 1519 1407 1550 et
1431 1518 1591 1551 omnibus
1615 1519 1722 1552 titulis
1759 1528 1847 1560 quos
1872 1520 2039 1561 sperabas

219 1589 261 1614 ue
290 1589 393 1613 unum
418 1580 556 1622 quidem
581 1580 641 1613 tibi
667 1580 908 1620 concesserim,
933 1580 998 1612 nisi
1023 1589 1086 1621 pro
1110 1582 1205 1622 parte
1230 1580 1381 1613 dimidia.
1407 1580 1478 1613 Etsi
1504 1581 1592 1614 enim
1629 1581 1764 1614 dicendi
1802 1583 1946 1623 peritum
1971 1592 2038 1615 non

211 1637 356 1682 inficiet,
380 1644 547 1676 oratorem
573 1651 671 1685 nego.
696 1642 816 1684 Neque
841 1642 965 1675 etenim
989 1643 1047 1675 aut
1071 1642 1184 1675 bonus
1209 1643 1260 1675 vir
1284 1651 1322 1675 es
1346 1645 1403 1676 aut
1428 1652 1505 1676 esse
1530 1650 1641 1685 potes,
1667 1644 1828 1685 quamdiu
1843 1646 1875 1677 te
1893 1645 2041 1686 publicis

131 1684 163 1726 Τ*
218 1705 327 1745 bonis,
352 1707 388 1738 ut
410 1704 507 1745 facis,
532 1706 565 1738 et
589 1705 686 1747 pacis
722 1704 876 1738 consiliis
907 1704 1090 1738 adversum
1115 1705 1272 1746 praebes.
1298 1703 1328 1738 Ο
1354 1707 1482 1747 quanto
1506 1705 1641 1739 felicius
1666 1706 1719 1739 vel
1745 1707 1805 1739 tibi
1832 1707 1884 1740 vel
1910 1707 2039 1749 patriae

217 1769 330 1801 mutus
354 1776 462 1807 esses,
487 1776 590 1810 quam
613 1767 808 1800 facundiam
833 1767 1047 1809 pestilentem
1084 1769 1177 1800 tanto
1213 1767 1328 1800 studio
1353 1768 1609 1809 quaesivisses!
1636 1768 1725 1811 Ergo
1750 1769 1778 1802 si
1804 1771 1839 1801 tu
1865 1769 1957 1811 loqui
1983 1772 2041 1802 aut

198 1818 368 1864 'nescires
392 1832 450 1863 aut
474 1830 645 1872 nequires,
670 1839 732 1863 nec
750 1829 918 1863 laboraret
943 1829 1047 1870 ltalia,
1072 1839 1135 1863 nec
1161 1829 1301 1872 lugeret.
1327 1830 1416 1872 Ergo
1442 1832 1474 1864 et
1499 1831 1614 1873 lingua
1632 1833 1690 1864 tua
1707 1832 1866 1873 publicae
1883 1833 2040 1866 miseriae

217 1892 315 1926 radix
350 1894 413 1932 est,
449 1901 551 1934 quam
575 1893 605 1926 si
630 1891 752 1932 Deum,
777 1893 806 1926 si
831 1892 1036 1935 proximum,
1060 1893 1089 1926 si
1114 1893 1269 1934 patriam,
1294 1893 1323 1926 si
1348 1895 1380 1926 te
1406 1893 1518 1935 ipsum
1555 1894 1727 1936 diligeres,
1752 1895 2040 1928 commorsitatam

216 1954 377 1988 dentibus
400 1955 588 1997 proiecisse
612 1955 783 1995 decuerat,
807 1955 1017 1997 profuturam
1042 1955 1157 1997 potius
1181 1956 1295 1989 corvis
1319 1957 1377 1988 aut
1401 1956 1556 1996 canibus,
1592 1965 1694 1998 quam
1728 1957 1922 1990 hominibus
1947 1958 2041 1990 noci-

218 2018 326 2050 turam
343 2014 404 2059 (2).
430 2017 483 2050 Tu
507 2019 620 2051 tamen
645 2018 709 2051 hoc
734 2018 820 2060 agis,
845 2018 889 2051 ad
914 2018 978 2051 hoc
1004 2018 1132 2058 niteris,
1157 2018 1221 2051 hoc
1246 2019 1463 2061 magnificum
1490 2019 1599 2059 ducis,
1617 2019 1710 2061 quod
1727 2021 1760 2052 te
1778 2029 1869 2052 more
1894 2021 2039 2061 aucupis

217 2079 396 2114 mulcentis
419 2089 531 2120 aures,
567 2079 742 2113 credulum
779 2079 904 2123 vulgus
929 2080 962 2112 in
986 2080 1178 2113 tendiculas
1214 2082 1290 2113 tuas
1315 2081 1426 2120 cadat,
1462 2081 1624 2123 quodque
1649 2081 1778 2123 aliquid
1803 2090 2039 2114 aerumnarum

217 2151 449 2184 novarumque
474 2142 508 2175 in
532 2142 608 2176 dies
631 2142 802 2175 ruinarum
827 2142 934 2175 titulis
957 2143 1025 2175 tuis
1049 2143 1234 2182 accrescat,
1259 2143 1386 2184 quibus
1411 2144 1476 2176 iam
1502 2152 1589 2185 pene
1614 2143 1696 2176 nihil
1721 2153 1917 2177 accrescere
1954 2144 2039 2177 intra

217 2204 429 2238 miserabiles
452 2205 582 2247 patriae
605 2205 691 2238 fines
715 2206 839 2247 potest,
864 2214 952 2247 quae
977 2206 1129 2238 exterius
1142 2206 1335 2238 vastitatem
1353 2206 1522 2246 miseram,
1540 2208 1572 2239 et
1590 2206 1747 2239 hostilem
1764 2207 1832 2239 tuis
1849 2208 2038 2246 attractum,

217 2258 253 2300 ut
275 2267 333 2301 sic
350 2267 473 2307 dicam,
498 2267 656 2300 manibus
679 2267 878 2307 exercitum,
903 2267 994 2300 intus
1018 2276 1100 2300 vero
1125 2267 1260 2310 linguae
1285 2269 1363 2301 tuae
1387 2268 1526 2301 arietem
1551 2268 1704 2310 duraque
1737 2269 1863 2310 patitur
1887 2269 2036 2311 imperia.

217 2327 362 2364 Dircaeo
397 2330 567 2372 siquidem
603 2329 786 2372 Amphioni
810 2339 872 2372 per
895 2331 1099 2363 contrarium
1135 2330 1328 2364 simillimus
1360 2331 1512 2364 evasisti.
1549 2331 1606 2364 llle
1643 2330 1782 2364 Thebas
1818 2340 1883 2364 suo
1915 2332 2038 2364 struxit

217 2391 365 2435 eloquio,
389 2394 426 2426 tu
450 2392 607 2426 Ticinum
631 2393 756 2426 sternis
780 2394 849 2432 tuo,
874 2394 1116 2434 pervetustam,
1142 2395 1177 2426 ut
1201 2393 1292 2426 fama
1316 2395 1378 2433 est,
1407 2393 1725 2435 nobilissimamque
1762 2394 1890 2433 urbem,
1916 2395 1948 2426 et
1973 2394 2037 2427 nisi

216 2455 256 2488 te
273 2463 376 2504 unum
400 2454 634 2489 civem'laevo
657 2455 769 2488 sidere
793 2456 980 2497 genuisset,
1004 2455 1247 2496 felicissimam
1272 2458 1304 2489 te
1329 2458 1441 2489 autern
1467 2456 1542 2489 cive
1567 2456 1734 2496 miseram,
1759 2457 1795 2489 te‘
1816 2456 1903 2489 duce
1921 2456 2039 2489 miser-

216 2517 351 2552 rimam:
376 2518 441 2551 nisi
465 2520 498 2551 te
522 2517 605 2550 illud
630 2519 785 2558 excusat,
809 2518 902 2559 quod
927 2518 1107 2551 obsessam
1133 2519 1275 2560 patriam
1301 2527 1443 2561 magnae
1468 2519 1574 2560 partis
1599 2519 1724 2551 civium
1753 2518 1857 2552 exilio
1874 2520 1907 2551 et
1935 2518 2039 2552 multa

216 2579 393 2614 domorum
419 2582 532 2623 strage
557 2580 739 2620 laxaveris,
756 2582 858 2622 atque
876 2589 944 2614 una
959 2582 1152 2614 contentam
1177 2581 1306 2614 crebris
1330 2581 1486 2614 muniens
1511 2581 1644 2623 plateis,
1661 2581 1854 2614 obsidionis
1871 2581 2038 2614 horrenda

217 2642 339 2677 solatia
361 2643 501 2677 inultam
524 2645 596 2676 tota
619 2643 652 2675 in
678 2643 761 2676 urbe
785 2642 1004 2676 solitudinem
1029 2645 1062 2676 et
1085 2643 1276 2677 diversoria
1312 2652 1394 2677 sane
1420 2644 1521 2676 bonis
1547 2643 1726 2676 inamoena
1751 2644 1938 2685 paraveris.
1965 2643 2038 2677 Hoc

225 2789 228 2792 ·
271 2784 303 2811 (1)
317 2784 333 2806 ll
347 2783 457 2807 petrarca
470 2783 495 2807 tu
510 2783 612 2812 proten,
626 2783 643 2806 11
657 2784 727 2812 nigra
742 2784 878 2806 succinctus
891 2785 956 2806 veste
975 2783 1094 2812 fratercu-
1147 2784 1201 2806 voia
1215 2789 1228 2806 e
1243 2784 1265 2806 dl
1281 2783 1351 2806 cario
1365 2783 1422 2806 Sara
1444 2789 1503 2805 sono
1526 2788 1584 2810 pure
1598 2783 1644 2805 due
1659 2783 1828 2810 composizioni
1851 2783 1996 2811 riguardanti
2011 2784 2033 2806 la

220 2828 311 2852 lunda!
324 2834 426 2852 memore
441 2829 590 2856 patriotismo
604 2828 641 2851 dei
656 2828 737 2856 pavest
752 2834 798 2851 non
812 2834 827 2851 a
841 2829 949 2856 schemo,
964 2834 1001 2851 ma
1015 2834 1030 2851 a
1045 2834 1096 2856 perb
1150 2828 1312 2855 predicatione
1334 2827 1356 2850 di
1378 2827 1438 2850 frate
1462 2827 1582 2850 oiacomo.
1598 2827 1615 2849 11
1630 2827 1721 2854 quadro
1742 2827 1779 2849 del
1799 2827 1857 2850 Sara
1881 2828 1996 2855 premlato
2010 2829 2033 2851 al

221 2874 294 2901 pem
306 2873 471 2896 riconoseenzn
490 2873 519 2896 ed
539 2873 713 2900 ammirazlone,
734 2872 759 2895 tu
781 2873 939 2895 immortalato
960 2873 983 2894 in
1004 2872 1096 2900 quadri,
1151 2878 1265 2895 concurso
1280 2872 1355 2894 Frank
1364 2871 1377 2893 e
1387 2871 1440 2899 oggi
1455 2871 1515 2894 nella
1529 2871 1624 2899 galleria
1639 2871 1699 2894 della
1709 2871 1794 2894 Scuola
1804 2872 1827 2894 di
1838 2872 1926 2899 pitture
1937 2878 2032 2900 pavese.

220 2917 264 2941 che
276 2918 300 2942 Ιο
313 2919 498 2945 rappreeentano
517 2919 625 2945 appunto
639 2918 662 2940 ln
677 2923 758 2940 mezzo
779 2917 825 2945 agli
846 2917 939 2945 armati,
961 2917 1096 2944 predicante
1203 2917 1235 2943 (2)
1249 2917 1281 2938 La
1295 2916 1414 2938 virulenza
1429 2915 1451 2938 dl
1467 2917 1553 2943 questo
1563 2915 1696 2943 linguaggio
1711 2916 1724 2938 e
1738 2916 1793 2944 tale,
1801 2917 1843 2939 che
1853 2917 1891 2939 noi
1902 2912 2033 2940 dubitiamo

221 2961 244 2984 h
257 2961 359 2985 dottam
373 2962 410 2984 del
425 2961 470 2984 Dio
483 2962 544 2984 della
559 2967 616 2990 pace
631 2961 660 2989 sl,
681 2967 718 2984 ma
738 2962 812 2984 anche
833 2961 893 2984 della
914 2961 1031 2988 giustizia.
1056 2960 1099 2983 Pa·
1153 2962 1237 2988 questa
1252 2960 1335 2982 lettera
1356 2965 1402 2982 non
1417 2959 1452 2982 sia
1466 2961 1529 2982 stata
1549 2960 1675 2982 realmente
1696 2960 1806 2983 mandata
1824 2961 1847 2983 al
1862 2960 1997 2988 Bussolari;
2019 2967 2032 2983 a

221 3006 304 3034 equale
317 3005 439 3029 Musaei-a
453 3006 545 3034 diplnee
559 3006 605 3029 due
619 3006 741 3033 splendide
765 3006 934 3033 composizionl
956 3005 1099 3033 rigum-danti
1155 3010 1222 3027 meno
1237 3005 1279 3027 che
1294 3004 1309 3026 ll
1325 3004 1434 3027 Peri-arca
1449 3010 1493 3026 con
1515 3009 1568 3027 essa
1583 3010 1629 3026 non
1644 3005 1664 3027 si
1678 3004 1743 3027 fosse
1757 3005 1818 3028 altro
1833 3011 1907 3032 scopo
1922 3006 2031 3033 prestsso,

221 3049 238 3072 u
251 3049 379 3078 eunoun,
392 3050 443 3073 eine
457 3051 472 3073 ll
486 3050 555 3078 frate,
569 3051 612 3073 che
626 3050 664 3073 dal
674 3050 798 3074 carroccio
817 3051 894 3073 anima
908 3050 914 3072 l
929 3050 1099 3077 combuttent13
1154 3049 1290 3076 cnequello
1304 3048 1452 3071 den'insuno
1466 3054 1480 3071 e
1494 3047 1554 3071 delle
1569 3049 1749 3076 provoeazlone.

221 3093 252 3117 ed
264 3093 280 3116 ΙΙ
293 3094 386 3123 sicario,
409 3094 538 3123 Fluppone,
552 3095 595 3118 che
609 3094 675 3118 tento
689 3095 712 3117 di
727 3094 891 3117 assassinarlo.
915 3094 943 3116 m
958 3094 1046 3116 Achille
1061 3093 1101 3116 Sa·
2007 3121 2032 3143 ¹⁵
