2496 3600
466 355 633 390 licentiam
659 358 691 390 et
715 356 947 392 auctoritatem
972 355 1202 397 omnimodam
1227 355 1393 388 dederunt
1417 356 1450 388 et
1474 355 1728 388 concesserunt.
1753 352 1795 388 Et
1818 353 1897 387 inde
1921 353 2004 388 dicti
2028 353 2148 389 Abbas
2170 356 2205 389 et
2221 352 2290 391 Ca-

466 418 589 458 nonici,
613 427 730 451 eorum
755 418 890 451 nomine
915 420 947 457 e,t
972 417 1107 452 nomine
1133 417 1213 460 dicti
1238 403 1433 450 monasterii
1459 414 1574 450 Sancti
1599 414 1701 456 Petri,
1737 417 1770 449 et
1790 415 1886 456 ¹dicti
1922 414 2020 450 Prior
2053 404 2291 452 Generalis'et

467 480 610 520 Fratres,
634 489 750 514 eorum
775 480 910 513 nomine
929 482 967 523 ‘et
992 480 1126 513 nomine
1151 479 1232 512 dicti
1258 477 1399 512 Ordinis
1423 477 1656 526 Eremstarum,
1681 479 1886 520 rogaverunt
1909 477 1982 512 fieri
2017 478 2083 512 hoc
2114 462 2291 522 publicum

467 543 736 583 instrumentum,
761 542 979 584 presentibus
1003 541 1151 574 dominis
1176 540 1277 574 Petro
1301 540 1344 574 de
1368 539 1544 574 Landulfis
1567 541 1600 574 et
1624 538 1792 583 Gregorio
1815 538 1969 574 Piscario
2001 540 2083 574 iuris
2114 541 2292 584 utriusque

467 606 595 648 peritis,
621 605 769 638 Martino
794 603 894 645 Gato,
920 604 1067 637 Iohanne
1093 603 1284 646 Mangiaria
1308 604 1340 636 et
1365 601 1525 637 Alcherio
1549 601 1671 643 Fabro,
1695 603 1842 636 testibus
1866 604 1900 636 et
1923 602 2077 645 predicta
2090 603 2223 638 vocatis
2250 605 2293 639 ·et

468 669 605 711 rogatis.
1911 711 1913 714 Ι

557 731 629 774 Ego
653 730 867 773 Augustinus
891 730 1089 763 Panizarius
1114 729 1279 771 imperiali
1304 728 1504 762 auctoritate
1529 727 1690 771 publicus
1729 728 1907 771 papiensis
1942 728 2105 769 notarius,
2129 729 2294 772 predictis

467 794 627 826 omnibus
652 793 731 826 dum
756 795 937 835 agerentur
961 802 1028 825 una
1052 801 1128 825 cum
1153 791 1300 824 testibus
1325 791 1570 833 suprascriptis
1594 799 1739 842 presens
1762 790 1810 824 fui
1835 792 1868 824 et
1892 791 1957 824 hoc
1981 790 2157 834 publicum
2170 791 2296 826 instru-
2353 781 2376 784 ⁷

469 858 616 889 mentum
642 857 780 898 rogatus
804 855 928 888 tradidi
952 857 985 888 et
1009 855 1144 896 scripsi,
1169 862 1350 896 meumque
1375 862 1498 887 nomen
1522 855 1555 887 et
1579 853 1715 896 signum
1739 853 1887 896 apposui
1911 855 2113 887 consuetum
2138 854 2172 887 in
2199 854 2296 888 testi·

468 919 617 951 monium
642 918 791 950 omnium
816 917 1071 960 premissorum.
2347 905 2356 912 ‘

1299 1172 1446 1214 XXI.

556 1284 572 1313 1
596 1283 766 1314 Canonici
790 1283 1001 1314 Latet-anesi
1025 1282 1189 1313 vendono
1214 1291 1235 1312 a
1260 1282 1330 1312 Fra
1366 1282 1568 1320 Guglielmo
1593 1282 1640 1313 da
1664 1282 1840 1313 Cremona
1875 1282 2000 1313 Priore
2025 1282 2200 1314 Gener-ale
2222 1290 2294 1314 uua
2338 1286 2342 1298 2
2362 1262 2395 1320 ζ,

469 1346 567 1373 casa,
594 1346 660 1368 con
685 1337 830 1367 annessi
855 1336 972 1367 edifici
995 1336 1121 1367 rustici
1145 1345 1165 1366 e
1189 1335 1307 1366 cortili
1330 1344 1459 1374 presso
1483 1336 1519 1366 la
1543 1335 1666 1366 chiesa
1690 1335 1727 1366 di
1751 1336 1788 1367 S.
1815 1335 1937 1366 Pietro
1954 1336 1990 1366 in
2006 1335 2083 1366 Ciel
2100 1335 2135 1367 d’
2144 1335 2218 1368 Oro
2232 1333 2297 1380 (1).

1143 1459 1288 1492 1331,
1307 1458 1545 1492 glugnm
1563 1458 1618 1485 Β·

957 1547 1033 1573 (Arch.
1050 1547 1072 1569 di
1087 1546 1164 1575 Statu,
1179 1547 1269 1570 Milano
1283 1558 1309 1562 —
1324 1546 1430 1575 Pergam.
1445 1547 1469 1570 di
1483 1546 1507 1570 S.
1524 1546 1603 1570 pietro
1617 1547 1640 1569 ln
1654 1546 1705 1570 ciel
1719 1546 1814 1574 d’Oro).

540 1744 658 1861 Α
717 1761 743 1788 Ν
767 1756 901 1789 nomine
926 1753 1062 1788 Domini
1088 1754 1207 1788 Arnen.
1232 1754 1331 1788 Anno
1355 1755 1540 1788 nativitatis
1565 1755 1719 1788 eiusdem
1744 1754 1924 1789 millesimo
1947 1755 2177 1789 tricentesimo
2199 1754 2303 1799 trige—

739 1819 827 1852 simo
851 1819 972 1861 primo,
997 1818 1168 1852 indicione
1193 1818 1458 1860 quartadecima,
1482 1818 1538 1851 die
1563 1818 1730 1858 mercurii,
1769 1818 1889 1860 quinto
1925 1818 2053 1852 mensis
2084 1817 2180 1858 Iunii,
2215 1817 2301 1853 hora

738 1883 869 1922 octave,
895 1882 928 1914 in
953 1881 1100 1915 eeclesia
1124 1881 1319 1915 monasterii
1337 1879 1452 1915 Sancti
1477 1880 1567 1914 Petri
1593 1881 1626 1914 in
1651 1881 1725 1914 celo
1749 1890 1853 1914 aureo
1869 1881 2057 1924 papiensis,
2074 1881 2201 1916 ibidem
2217 1889 2302 1916 con-
2371 1909 2390 1929 .;

476 1947 598 1979 vocato
623 1947 655 1978 et
679 1946 886 1987 congregato
911 1943 1061 1986 capitulo
1086 1943 1240 1977 eiusdem
1265 1943 1471 1983 monasterii,
1496 1952 1589 1976 more
1613 1943 1726 1983 solito,
1743 1943 1786 1976 de
1804 1943 1964 1977 mandato
1978 1943 2227 1987 religiosissimi
2238 1937 2302 1978 doss
2344 1944 2347 1946 ’
2371 1925 2399 1990 ἶ

476 2009 556 2041 mini
580 2008 692 2040 fratris
716 2006 865 2049 Philippi
891 2005 954 2039 Dei
980 2006 1094 2049 gracia
1118 2007 1254 2040 abbatis
1278 2006 1389 2048 ipsius
1413 2005 1620 2046 monasterii,
1637 2015 1700 2048 pro
1716 2005 1932 2048 infrascripto
1948 2006 2093 2049 negocio
2109 2005 2304 2049 specialiter

475 2071 643 2109 faciendo,
669 2070 701 2102 in
727 2078 796 2111 quo
820 2068 959 2111 quidem
985 2068 1135 2111 capitulo
1160 2070 1256 2102 erant
1279 2068 1382 2102 frater
1405 2067 1562 2108 Carolus,
1587 2068 1690 2101 frater
1713 2067 1901 2108 Rubaldus,
1939 2067 2042 2102 frater
2075 2066 2304 2109 Christianus,

474 2134 575 2166 frater
598 2131 784 2166 Olliverius
807 2133 840 2164 et
863 2131 965 2164 frater
988 2129 1170 2173 Georgius,
1194 2131 1315 2164 fratres
1339 2133 1372 2164 et
1396 2131 1551 2165 canonici
1576 2130 1750 2173 regulares
1763 2131 1844 2164 dicti
1862 2130 2056 2164 monasterii
2074 2128 2190 2164 Sancti
2206 2128 2301 2164 Petri

479 2197 511 2229 in
537 2195 611 2229 celo
635 2204 740 2228 aureo
763 2195 952 2237 papiensis,
978 2192 1118 2227 Ordinis
1134 2192 1258 2227 *Sancti
1283 2193 1478 2236 Augustini,
1495 2193 1697 2227 confitentes
1710 2195 1743 2226 et
1755 2194 1984 2236 protestantes
1997 2192 2126 2226 nullum
2138 2192 2242 2227 alium
2259 2192 2304 2227 de

477 2258 652 2291 canonicis
676 2258 786 2299 ipsius
811 2257 1006 2290 monasterii
1032 2256 1262 2290 residentibus
1298 2265 1376 2289 esse
1401 2256 1435 2289 in
1454 2256 1552 2289 -dicto
1587 2255 1794 2289 monasterio
1817 2255 1861 2289 ad
1886 2260 2030 2297 presens
2053 2263 2116 2288 nec
2140 2253 2242 2288 etiam
2265 2254 2301 2288 in
2319 2270 2326 2276 -

478 2321 615 2354 civitate
629 2311 747 2362 Papie,
761 2319 825 2353 sed
839 2321 1034 2353 asserentes
1047 2319 1093 2352 ibi
1107 2327 1186 2352 esse
1199 2321 1307 2352 totum
1321 2318 1507 2361 capitulum
1521 2319 1554 2351 et
1567 2319 1758 2351 conventus
1771 2317 1966 2351 monasterii
1979 2317 2152 2358 antedicti,
2164 2317 2305 2352 obtenta

478 2384 574 2425 prius
598 2382 751 2422 licencia,
765 2382 833 2414 imo
846 2382 964 2422 eciam,
979 2382 1008 2415 si
1033 2382 1123 2414 idem
1149 2381 1308 2414 dominus
1332 2380 1452 2414 Abbas
1476 2382 1509 2414 et
1532 2378 1698 2414 Canonici
1723 2382 1916 2423 presentem
1941 2380 2179 2413 vendicionem
2191 2379 2306 2414 tacere

478 2447 684 2485 recusarent,
708 2445 825 2478 habito
849 2445 1050 2487 expressius
1075 2445 1108 2477 in
1133 2444 1303 2478 mandatis
1326 2453 1388 2486 per
1411 2444 1538 2477 dictum
1574 2443 1749 2477 dominum
1785 2442 1953 2476 Abbatem
1978 2444 2011 2476 et
2035 2441 2231 2477 Canonicos
2253 2441 2306 2476 fa·-

478 2508 623 2541 faciendi
649 2507 898 2550 infrascriptam
923 2507 1161 2540 vendicionem
1186 2509 1219 2540 et
1243 2507 1356 2540 omnia
1380 2508 1413 2540 et
1437 2505 1572 2549 singula
1596 2505 1822 2547 infrascripta,
1846 2507 1947 2548 prout
1959 2505 1993 2538 in
2011 2504 2130 2538 litteris
2152 2489 2395 2550 Sanctis-»⁴⁹3³

479 2571 554 2603 simi
580 2570 690 2603 Patris
715 2572 748 2603 et
772 2570 899 2603 domini
926 2569 1053 2602 domini
1079 2569 1238 2602 Iohannis
1263 2569 1379 2602 divina
1404 2568 1627 2611 providencia
1651 2567 1745 2610 Pape
1775 2567 1932 2610 vigesimi
1969 2567 2123 2607 secundi,
2146 2566 2303 2600 eiusdem
2322 2611 2323 2614 Ἰ
2342 2554 2379 2604 ,ῑέ

480 2634 606 2666 domini
631 2633 725 2675 Pape
750 2642 832 2666 vero
857 2632 970 2675 sigillo
995 2632 1168 2674 pumbleo,
1193 2632 1236 2665 ad
1262 2631 1400 2665 cordam
1436 2633 1509 2665 sete
1545 2631 1634 2665 clare
1659 2633 1692 2664 et
1716 2630 1820 2664 rubee
1852 2630 2021 2673 sigillatis,
2057 2638 2126 2663 non
2157 2627 2304 2670 viciatis,

480 2705 546 2728 non
572 2696 765 2736 canzelatis,
790 2704 853 2735 nec
878 2695 911 2728 in
936 2695 1051 2737 aliqua
1075 2695 1128 2728 sui
1154 2696 1249 2737 parte
1275 2694 1459 2736 suspectis,
1485 2694 1575 2727 datis
1599 2693 1759 2727 Avinioni
1799 2693 2040 2726 terciodecimo
2066 2692 2232 2726 kalendas
2253 2690 2306 2726 fe-
2339 2673 2386 2714 s

2345 2755 2355 2762 ,Ἴ
2359 2751 2385 2766 *21-

537 2853 569 2879 (l)
583 2852 673 2879 Questo
689 2853 837 2880 documento,
852 2859 899 2875 non
913 2853 1051 2875 conosciuto
1061 2853 1099 2875 dal
1109 2853 1204 2880 Torelli,
1219 2858 1287 2875 serve
1296 2858 1310 2875 a
1320 2852 1367 2875 dis·
1420 2852 1457 2874 del
1472 2852 1523 2875 loro
1537 2858 1616 2874 nuovo
1630 2851 1760 2874 Convento.
1776 2851 1808 2873 La
1822 2857 1932 2878 compera
1947 2851 1970 2873 di
1985 2856 2030 2873 una
2044 2856 2100 2873 casa
2113 2856 2158 2872 con
2172 2849 2248 2873 edific!
2262 2834 2304 2875 rut—-
2343 2842 2393 2890 Ξ

485 2897 563 2923 sipare
578 2897 584 2918 i
599 2897 678 2918 dubbii
694 2897 784 2924 esposti
799 2897 829 2919 da
844 2898 875 2919 lui
890 2897 949 2923 (vol.
960 2897 988 2925 V,
999 2904 1052 2925 pag.
1067 2898 1128 2924 481).
1145 2898 1202 2925 Egli,
1217 2897 1284 2920 detto
1306 2897 1366 2919 dena
1420 2897 1473 2919 stici
1487 2902 1500 2919 e
1515 2896 1598 2923 cortili,
1612 2896 1672 2918 {atta
1687 2896 1725 2918 dal
1739 2895 1860 2922 Generale,
1875 2895 1936 2918 dava
1946 2895 2016 2918 modo
2030 2895 2075 2917 alla
2090 2900 2167 2917 nuova
2175 2892 2300 2917 camunni
2336 2889 2390 2931 [ω’

486 2942 664 2967 presentazione
679 2942 738 2963 delle
753 2942 813 2964 bolle
829 2942 851 2963 di
866 2943 1017 2964 concessione
1032 2948 1044 2964 e
1059 2942 1082 2964 di
1097 2943 1190 2964 nomina
1205 2942 1266 2970 degli
1288 2947 1367 2964 esecu-
1421 2941 1444 2963 di
1459 2941 1571 2963 stabilirsi
1585 2941 1665 2962 subito
1685 2946 1768 2967 presso
1782 2940 1806 2963 S.
1822 2940 1901 2962 Pietro
1922 2945 1994 2962 senza
2015 2939 2158 2962 demandare
2178 2937 2300 2966 osuit-nn
2346 2936 2386 2966 ;ξῖ

486 2986 539 3012 tori,
555 2991 600 3007 non
615 2991 642 3007 sa
656 2991 682 3008 se
696 2985 731 3007 ira
747 2985 878 3013 Guglielmo
893 2986 922 3008 da
942 2986 1056 3009 Cremona
1078 2988 1227 3013 presentasse
1248 2987 1322 3008 anche
1342 2986 1365 3008 la
1419 2986 1441 3007 ai
1457 2985 1598 3012 Lateranesi,
1614 2990 1627 3006 e
1641 2985 1722 3011 quindi
1737 2990 1808 3007 senza
1822 2985 1958 3012 presentare
1972 2984 1994 3006 la
2008 2985 2135 3006 accennata
2149 2983 2211 3006 bolla
2225 2981 2301 3005 dela)
2369 2980 2386 2988 ³

486 3030 551 3051 terza
566 3029 627 3051 bolla
643 3029 679 3051 del
694 3029 721 3051 20
734 3029 807 3056 aprile
823 3030 882 3057 1327,
898 3030 928 3052 da
942 3030 980 3052 noi
995 3030 1051 3052 data
1065 3032 1131 3053 sotto
1146 3031 1161 3052 il
1175 3037 1197 3052 n.
1212 3030 1261 3058 ΧΠ,
1276 3030 1363 3057 riguar-
1416 3030 1490 3057 aprile
1506 3029 1565 3052 132⁷.

487 3073 557 3096 dante
571 3074 721 3096 l'abitazione
736 3074 882 3101 provvisoria
897 3074 958 3102 degli
974 3075 1099 3097 Eremitani
1110 3075 1209 3098 durante
1223 3075 1246 3098 la
1259 3075 1364 3097 {abbrica
