2496 3600
52 2728 74 2759 ,ᾖ

19 2817 21 2826 ⁴

21 2879 24 2881 »
46 2820 92 2898 3

56 2954 65 2969 ,s

15 2965 17 2970 Ι
48 2974 74 3010 ἶ*

56 3010 77 3038 “3

1985 265 2029 298 53

211 392 392 428 Guillelmo
415 392 522 426 Priori
547 391 716 433 GeneraH,
740 395 776 427 ut
799 402 903 436 supra
921 394 1095 436 recipienti
1120 396 1152 427 et
1176 394 1350 436 stipulanti
1368 395 1503 428 nomine
1519 395 1599 429 dicti
1617 394 1756 429 Ordinis
1774 396 2028 437 Heremitarum‚

211 455 387 489 licenciam
422 457 455 488 et
478 455 711 488 auctoritatem
741 456 970 489 omnimodam
1007 456 1173 489 dederunt
1196 458 1229 489 et
1253 459 1507 503 concesserunt.
1545 457 1586 490 Et
1621 467 1683 500 pro
1720 459 1786 491 hiis
1822 460 2028 499 venditione,

209 517 400 557 traditione,
424 517 592 557 cessione,
617 519 649 550 et
674 518 833 551 omnibus
857 520 890 551 et
913 518 1058 561 singulis
1090 519 1344 561 suprascriptis,
1383 519 1518 552 fuerunt
1557 520 1706 553 confessi
1747 521 1827 554 dicti
1868 522 2028 555 dominus

211 578 329 612 Abbas
353 581 386 612 et
410 577 585 620 Canonici‚
611 580 745 613 nomine
770 580 850 613 dicti
876 581 1082 621 monasterii,
1122 590 1244 615 versus
1280 582 1406 614 dictum
1432 582 1606 615 dominum
1642 583 1775 616 fratrem
1812 582 2029 617 Guillelmum

209 640 359 674 Priorem
384 640 585 675 Generalem
610 642 690 675 dicti
716 641 855 675 Ordinis
880 642 1135 683 Heremitarum,
1160 644 1296 677 dantem
1320 646 1353 676 et
1377 644 1566 685 solventem
1591 645 1633 678 de
1658 645 1807 678 denariis
1832 646 1942 687 ipsius
1966 645 2030 679 Or-

209 704 299 736 dinis
323 704 474 745 precium
499 705 779 747 suprascriptum‚
805 705 964 738 videlicet
987 706 1135 739 florenos
1160 706 1249 739 mille
1290 707 1369 739 boni
1406 707 1477 739 auri
1503 709 1536 740 et
1560 708 1638 740 iusti
1675 708 1838 749 ponderis
1874 711 1907 741 et
1942 709 2028 742 bene

209 766 458 808 expendibiles.
484 765 728 801 Renunciando
752 768 946 809 exceptioni
972 777 1038 800 non
1063 770 1280 810 acceptorum
1305 769 1530 809 denariorum,
1545 771 1577 802 et
1590 779 1657 802 non
1682 772 1854 803 numerate
1873 771 2028 812 pecunie,

209 829 242 861 et
265 829 458 870 exceptioni
485 829 517 861 in
542 829 667 862 factum
692 831 725 862 et
749 830 823 872 spei
847 830 957 863 future
982 831 1242 871 numeracionis,
1267 833 1300 864 et
1324 832 1413 864 omni
1439 831 1494 864 alii
1520 832 1593 871 iuri,
1619 833 1812 874 exceptioni
1838 835 1870 866 et
1895 833 2031 867 defens-

208 891 295 924 sioni
320 893 436 924 contra
461 892 613 933 predicta
638 892 751 925 omnia
775 894 808 925 et
832 892 977 935 syngula
1012 892 1175 926 Dicentes
1200 895 1232 926 et
1257 895 1485 936 protestantes
1522 895 1610 928 idem
1647 895 1806 929 dominus
1843 895 1961 929 Abbas
1998 899 2030 929 et

207 951 383 994 Canonici‚
408 955 543 988 nomine
568 955 648 988 dicti
674 955 868 988 monasterii
894 954 1008 989 Sancti
1034 955 1134 996 Petri,
1160 965 1281 989 versus
1298 956 1425 990 dictum
1443 957 1616 990 dominum
1634 957 1781 991 Fratrem
1799 957 2029 999 Guillelmum,

210 1017 426 1059 recipientem
451 1018 484 1050 et
507 1017 725 1059 stipulantem
751 1018 885 1050 nomine
910 1018 990 1051 dicti
1016 1017 1156 1051 Ordinis
1181 1018 1437 1059 Heremitarum,
1462 1021 1494 1052 et
1519 1020 1608 1053 idem
1633 1020 1792 1053 dominus
1816 1021 1918 1054 frater
1934 1020 2031 1055 Guil-

208 1079 329 1113 lelmus
353 1078 450 1112 Prior
473 1078 651 1113 Generalis
675 1080 755 1113 dicti
781 1079 920 1113 Ordinis
946 1080 1200 1120 Heremitarum,
1226 1082 1360 1114 nomine
1385 1082 1496 1123 ipsius
1521 1081 1670 1123 Ordinis,
1696 1092 1818 1116 versus
1857 1085 2030 1126 predictos

208 1142 381 1175 dominum
406 1141 574 1175 Abbatem
599 1144 631 1175 et
655 1140 861 1182 Canonicos‚
886 1143 1089 1184 recipientes
1113 1145 1146 1176 et
1170 1143 1373 1185 stipulantes
1398 1145 1533 1177 nomine
1569 1145 1649 1178 dicti
1684 1147 1878 1179 monasterii
1915 1145 2029 1180 Sancti

207 1203 308 1244 Petri,
332 1204 520 1246 predictum
545 1203 695 1246 precium
720 1213 798 1237 esse
823 1213 939 1237 verum
986 1206 1019 1238 et
1051 1205 1175 1238 iustum
1212 1205 1362 1247 precium
1399 1215 1508 1238 rerum
1545 1207 1703 1248 superius
1739 1208 1963 1249 venditarum,
1998 1211 2031 1242 et

208 1266 380 1308 predictas
404 1275 458 1299 res
482 1266 641 1307 superius
666 1266 822 1299 venditas
847 1266 973 1299 vallere
1002 1266 1084 1299 illud
1114 1267 1265 1308 precium
1295 1268 1564 1310 suprascriptum
1583 1266 1644 1310 (1),
1670 1278 1739 1311 quo
1764 1278 1868 1312 supra
1893 1272 2029 1304 vendite

206 1330 240 1361 et
263 1328 384 1361 tradite
409 1327 601 1368 extiterunt,
626 1337 665 1361 ac
690 1328 791 1361 etiam
817 1328 1047 1361 renuntiantes
1072 1329 1236 1368 vicissim,
1261 1331 1294 1362 et
1318 1330 1418 1363 dicfis
1436 1331 1641 1371 nominibus,
1656 1340 1696 1364 eo
1710 1332 1802 1373 quod
1817 1332 1930 1365 dicere
1948 1342 2029 1375 pos-

208 1392 284 1424 sent
309 1391 411 1432 atque
425 1389 561 1429 vellent,
586 1389 735 1431 aliquam
760 1390 912 1432 parcium
937 1390 1164 1432 predictarum
1189 1391 1234 1424 ob
1259 1392 1348 1425 hunc
1374 1394 1583 1426 contractum
1609 1393 1641 1425 in
1667 1393 1782 1435 aliquo
1806 1394 1877 1427 fore
1915 1395 2026 1428 lexam

206 1454 240 1486 et
264 1452 388 1485 debere
414 1461 518 1494 super
541 1452 607 1485 hiis
631 1453 664 1485 in
689 1452 805 1494 aliquo
829 1453 970 1493 restitui,
995 1454 1028 1486 et
1052 1454 1143 1486 omni
1169 1454 1202 1486 in
1227 1454 1393 1496 integrum
1434 1455 1654 1488 restitucioni.
1695 1455 1837 1498 Insuper
1871 1458 1914 1490 ad
1951 1467 2032 1491 cau-

206 1514 319 1555 telam,
344 1515 417 1548 sine
441 1514 557 1557 aliquo
582 1515 769 1555 intervallo,
794 1515 875 1548 dicti
900 1515 1059 1549 dominus
1084 1515 1203 1549 Abbas
1227 1518 1260 1550 et
1284 1515 1460 1557 Canonici‚
1478 1518 1612 1551 nomine
1630 1518 1711 1551 dicti
1729 1521 1935 1560 monasterii,
1954 1530 2030 1554 cum

206 1577 298 1611 dicto
323 1577 460 1610 domino
484 1576 584 1610 fratre
609 1575 803 1617 Guillelmo,
828 1578 920 1611 dicto
944 1579 1091 1619 nomine,
1115 1579 1158 1612 ad
1184 1579 1336 1621 predicta
1361 1580 1500 1613 vendita
1524 1582 1557 1613 et
1580 1581 1703 1614 tradita
1727 1582 1952 1623 personaliter
1975 1593 2032 1616 ac-

206 1640 379 1680 cedentes,
404 1640 517 1681 ipsum
541 1639 675 1673 fratrem
700 1638 930 1680 Guillelmum,
955 1641 1090 1674 nomine
1115 1641 1195 1674 dicti
1221 1640 1361 1675 Ordinis
1386 1642 1643 1683 Heremitarum,
1669 1643 1701 1676 in
1726 1645 1876 1677 tenutam
1902 1647 1935 1678 et
1955 1655 2030 1678 cor-

209 1701 360 1744 poralem
384 1702 642 1744 possessionem
667 1702 832 1736 dictarum
857 1712 966 1736 rerum
991 1703 1204 1736 venditarum
1229 1706 1417 1746 posuerunt
1441 1707 1474 1738 et
1498 1705 1767 1746 introduxerunt,
1792 1706 1950 1740 faciendo
1975 1708 2026 1750 ip-

208 1773 284 1798 sum
308 1764 482 1797 dominum
506 1764 640 1797 fratrem
666 1763 895 1805 Guillelmum,
935 1765 1027 1798 dicto
1062 1766 1209 1806 nomine,
1245 1768 1345 1807 stare,
1381 1768 1512 1808 sedere,
1549 1768 1596 1801 ire
1632 1770 1665 1801 et
1701 1769 1808 1802 redire
1841 1779 1902 1811 per
1937 1771 2028 1804 intus

207 1827 318 1860 dictas
342 1827 464 1860 domos
488 1828 521 1860 et
545 1827 657 1860 curias
681 1828 840 1869 superius
865 1828 1032 1868 venditas,
1057 1837 1097 1861 ac
1122 1829 1236 1862 dando
1261 1829 1371 1862 eidem
1408 1830 1546 1863 domino
1581 1831 1672 1864 fratri
1709 1829 1904 1872 Guillelmo,
1940 1833 2032 1867 dicto

208 1889 343 1922 nomine
368 1891 400 1922 et
425 1890 457 1922 in
482 1889 556 1922 eius
581 1890 739 1923 manibus
763 1890 937 1923 catenacia
962 1891 1149 1924 hostiorum
1174 1891 1339 1924 dictarum
1366 1892 1554 1933 domorum,
1580 1893 1612 1925 in
1638 1893 1772 1935 signum
1798 1903 1876 1927 vere
1902 1897 1934 1928 et
1959 1905 2033 1928 cor-

208 1951 336 1994 poralis
360 1952 595 1994 possessionis
619 1952 852 1994 adprehensse
877 1953 919 1986 de
944 1953 1122 1995 predictis,
1148 1955 1180 1987 et
1204 1956 1316 1987 cetera
1350 1954 1509 1988 faciendo
1545 1965 1611 1997 que
1636 1956 1678 1989 ad
1703 1956 2028 1998 adprehendendum

207 2014 418 2057 corporalem
443 2014 700 2056 possessionem
725 2015 796 2048 fieri
821 2015 1061 2057 expediebant.
1088 2016 1128 2049 Et
1152 2017 1230 2050 inde
1256 2017 1336 2050 dicti
1366 2017 1485 2051 Abbas
1509 2020 1542 2051 et
1565 2016 1742 2059 Canonici‚
1776 2020 1911 2053 nomine
1948 2021 2028 2054 dicti

209 2077 415 2117 monasterii,
440 2079 473 2110 et
497 2077 609 2110 dictus
632 2077 735 2110 frater
757 2076 962 2111 Guillelmus
987 2077 1083 2111 Prior
1106 2077 1285 2113 Generalis
1309 2080 1390 2113 dicti
1426 2079 1565 2114 Ordinis
1602 2080 1858 2122 Heremitarum,
1894 2084 2029 2117 nomine

207 2139 318 2182 ipsius
342 2138 493 2179 Ordinis,
518 2140 604 2173 hanc
630 2141 755 2173 cartam
780 2140 851 2173 fieri
877 2143 1092 2183 rogaverunt,
1117 2142 1336 2184 presentibus
1349 2143 1498 2176 dominis
1515 2142 1616 2176 Petro
1640 2144 1682 2177 de
1701 2143 1874 2178 Landulfis
1891 2148 1924 2179 et
1941 2145 2025 2179 Gre-

209 2201 304 2244 gorio
327 2201 480 2235 Piscario
505 2202 587 2235 iuris
611 2202 787 2244 utriusque
812 2203 940 2244 peritis,
966 2203 1114 2237 Martino
1139 2202 1238 2244 Gato,
1264 2204 1411 2238 Iohanne
1436 2205 1627 2248 Mangiaria
1659 2208 1691 2239 et
1726 2205 1884 2240 Alcherio
1910 2208 2030 2249 Fabro,

207 2264 354 2297 testibus
379 2264 422 2297 ad
447 2264 600 2306 predicta
624 2265 757 2298 vocatis
781 2266 814 2298 et
838 2266 976 2308 rogatis.

297 2325 370 2369 Ego
394 2325 606 2369 Augustinus
630 2326 828 2361 Panizarius
852 2328 1003 2362 notarius
1028 2329 1226 2362 auctoritate
1251 2329 1427 2372 imperiali,
1453 2330 1539 2363 hanc
1580 2332 1705 2364 cartam
1743 2331 1843 2364 michi
1877 2335 2027 2375 rogatam

208 2387 291 2428 fieri,
315 2388 437 2421 tradidi
463 2390 496 2422 et
519 2389 642 2431 scripsi
667 2391 700 2422 et
723 2398 835 2423 meum
864 2399 986 2424 nomen
1023 2393 1056 2424 et
1091 2391 1225 2434 signum
1262 2392 1398 2425 solitum
1435 2393 1601 2435 appossui
1627 2393 1659 2425 in
1690 2393 1917 2427 testimonium
1955 2405 2030 2437 pre-

209 2458 405 2484 missorum.

265 2606 296 2634 (1)
310 2607 510 2630 contrari-{amente
523 2613 538 2630 a
552 2610 641 2636 quanto
656 2609 695 2636 qui
710 2609 730 2631 sl
744 2609 848 2637 afferma,
863 2610 973 2633 vedremo
983 2610 1021 2633 dal
1036 2610 1088 2633 doc.
1144 2611 1243 2639 plicato;
1265 2612 1294 2634 ne
1314 2612 1345 2639 gn
1369 2612 1514 2640 Agostiniani
1536 2613 1666 2636 avrebbero
1687 2614 1731 2635 mal
1753 2619 1832 2636 mosso
1847 2614 1948 2637 lamento
1963 2615 2023 2637 della

218 2651 242 2674 16
264 2653 350 2679 agusto
366 2652 425 2680 1392,
449 2653 491 2675 che
515 2654 601 2680 questo
621 2659 667 2675 non
688 2659 728 2676 era
751 2653 780 2676 ne
802 2654 818 2676 il
841 2660 897 2676 vero
920 2654 949 2677 ne
971 2655 987 2677 il
1010 2655 1089 2682 glusto
1143 2661 1207 2684 cosa,
1222 2662 1249 2678 se
1262 2656 1322 2679 altre
1342 2657 1480 2679 esorbitanti
1503 2659 1596 2684 pretese
1618 2663 1663 2680 non
1678 2658 1692 2679 ll
1707 2663 1819 2681 avessero
1833 2659 1940 2682 costretti
1955 2665 1969 2682 a
1985 2659 2024 2682 de-

214 2700 300 2722 mezzo
314 2695 374 2718 della
388 2702 443 2719 casa
458 2697 569 2719 venduta.
584 2696 607 2720 Sl
622 2698 695 2720 tratta
709 2698 732 2720 dl
747 2704 778 2720 un
799 2698 879 2721 valore
900 2698 940 2726 plu
963 2700 1006 2721 che
1022 2699 1092 2722 decu·
1145 2701 1254 2723 nunciare
1269 2701 1284 2722 il
1299 2706 1362 2728 vero,
1379 2701 1469 2723 usando
1484 2701 1521 2724 del
1536 2707 1604 2724 sacro
1619 2702 1700 2724 dlritto
1714 2702 1737 2724 di
1752 2702 1834 2725 dliesa.
