2496 3600
1985 248 2030 280 49

208 382 404 426 petitionem
429 381 595 415 dictorum
620 380 765 414 Abbatis
789 382 822 414 et
846 378 1107 420 Canonicorum,
1137 374 1368 413 convenerunt
1393 381 1425 412 et
1450 379 1678 421 promiserunt
1714 380 1802 412 idem
1840 379 1959 413 Abbas
1996 383 2028 413 et

209 430 374 479 Canonici
398 444 527 477 eisdem
551 442 658 476 Priori
683 441 840 476 Generali
866 444 899 475 et
923 442 1096 475 Fratribus
1120 442 1362 484 recipientibus
1387 444 1419 474 et
1444 441 1687 483 stipulantibus
1712 442 1845 474 nomine
1871 442 1950 475 dicti
1969 441 2033 475 Or-

209 506 300 540 dinis
323 505 554 545 Eremitarum,
579 505 671 547 quod
697 505 782 547 ipsis
817 505 924 547 gratia
948 506 980 537 et
1005 504 1193 547 privilegiis
1229 513 1294 546 que
1321 504 1370 537 sic
1395 504 1640 543 concedentur,
1680 513 1746 536 non
1784 506 1927 543 utentur,
1965 505 2028 536 nisi

210 571 246 602 ut
269 568 354 610 ipsis
377 568 484 610 gratia
508 569 540 600 et
564 567 752 610 privilegiis
777 569 911 600 utantur
935 576 995 608 per
1023 565 1198 599 Summum
1235 566 1432 599 Pontificem
1458 566 1587 599 eisdem
1624 565 1748 599 Abbati
1786 568 1818 598 et
1843 564 2029 599 Canonicis

210 630 325 664 datum
348 630 447 663 fuerit
471 639 532 672 per
555 630 659 662 verba
683 630 895 671 preceptoria
920 629 1120 671 expressius
1145 629 1178 661 in
1203 628 1381 661 mandatis.

299 691 379 725 Item
404 693 634 725 convenerunt
669 693 702 724 et
737 692 982 733 promisserunt
1018 691 1098 724 dicti
1135 691 1253 724 Abbas
1278 693 1310 724 et
1334 689 1509 730 Canonici,
1540 700 1655 723 eorum
1682 691 1815 723 nomine
1841 693 1873 724 et
1898 691 2031 724 nomine

209 754 290 788 dicti
315 754 519 794 monasterii,
543 754 673 787 eisdem
698 753 804 786 Priori
830 752 988 787 Generali
1037 756 1069 786 et
1094 753 1266 786 Fratribus
1303 753 1546 794 recipientibus
1570 754 1603 785 et
1627 753 1870 795 stipulantibus
1897 754 2031 785 nornine

208 819 243 850 et
266 817 340 850 vice
377 817 457 850 dicti
493 815 632 850 Ordinis
668 816 900 856 Eremitarum,
936 817 1028 858 quod
1055 817 1119 858 ipsi
1145 815 1264 849 Abbas
1300 818 1332 848 et
1368 814 1532 849 Canonici
1570 816 1650 848 dicti
1687 816 1880 848 monasterii
1918 814 2031 849 Sancti

192 879 300 920 ,Petri
325 880 587 913 comunicabunt
611 889 688 912 cum
713 879 813 912 dictis
838 879 1010 912 Fratribus
1028 878 1174 912 ¹Ordinis
1200 878 1418 911 Eremitarum
1437 888 1535 911 omne
1561 880 1593 911 et
1617 880 1722 911 totum
1742 878 1774 910 id
1793 879 1884 920 quod
1903 879 2032 911 eisdem

209 941 334 975 Abbati
359 944 391 975 et
415 940 599 975 Canonicis
624 942 800 975 obvenerit
824 951 886 984 pro
910 942 1059 983 antiquis
1084 941 1269 983 sepulturis
1306 941 1415 983 ipsius
1452 942 1645 974 monasterii
1671 943 1703 973 et
1728 941 1877 973 omnium
1893 940 2034 973 defunc-

209 1006 319 1038 torum
344 1004 626 1046 parochianorum
651 1004 730 1037 dicti
757 1004 950 1036 monasterii
976 1004 1033 1045 qui
1059 1003 1267 1045 sepelientur
1290 1003 1381 1045 apud
1408 1003 1649 1036 monasterium
1675 1003 1883 1036 antidictum.

300 1066 379 1099 Item
404 1068 526 1106 actum,
551 1068 766 1106 conventum,
803 1066 993 1099 ordinatum
1018 1068 1051 1099 et
1075 1066 1280 1107 promissum
1317 1066 1426 1098 extitit
1463 1066 1548 1098 inter
1583 1066 1692 1098 dictas
1729 1068 1853 1107 partes,
1883 1066 1975 1107 quod
2001 1065 2029 1098 si

209 1129 411 1171 contingerit
436 1129 568 1161 Fratres
593 1128 758 1162 Eremitas
784 1129 859 1161 eiici
896 1129 938 1161 de
975 1128 1051 1161 loco
1083 1114 1248 1160 violenter
1272 1136 1334 1160 seu
1359 1137 1419 1169 per
1444 1128 1497 1161 ius
1522 1128 1662 1170 aliquod
1688 1128 1779 1169 quod
1799 1128 2033 1169 impetraretur

211 1193 244 1224 et
268 1191 511 1224 concederetur
534 1200 554 1224 a
578 1200 750 1232 quoquam
776 1191 808 1223 in
834 1190 985 1224 Romana
1010 1188 1113 1223 Curia
1138 1190 1191 1222 vel
1217 1190 1308 1229 alibi,
1333 1192 1365 1222 et
1390 1190 1454 1222 hoc
1479 1190 1573 1222 fieret
1597 1199 1658 1232 per
1682 1189 1849 1222 Abbatem
1867 1190 1924 1231 qui
1943 1199 2031 1222 nunc

211 1255 264 1287 est
288 1253 341 1286 vel
366 1262 427 1295 per
450 1255 604 1294 tempora
627 1252 737 1292 fuerit,
762 1261 823 1285 seu
848 1261 909 1294 per
933 1250 1129 1285 Canonicos
1154 1261 1237 1285 suos
1262 1252 1320 1294 qui
1346 1261 1435 1284 nunc
1460 1254 1538 1285 sunt
1563 1252 1616 1284 vel
1643 1261 1703 1293 per
1738 1254 1890 1293 tempora
1925 1253 2032 1291 erunt,

211 1315 266 1349 vel
291 1316 390 1348 etiarn
415 1324 476 1357 per
499 1315 601 1348 alium
626 1323 688 1348 seu
713 1314 810 1354 alios,
835 1315 969 1347 nomine
994 1316 1027 1347 et
1051 1314 1126 1347 vice
1151 1313 1296 1347 Abbatis
1320 1314 1463 1356 predicti
1488 1316 1521 1347 et
1545 1312 1796 1348 Canonicorum
1829 1323 1978 1354 suorum,
2004 1315 2032 1347 si

211 1378 325 1410 dictus
349 1376 468 1410 Abbas
492 1379 599 1410 ratum
622 1376 749 1416 fecerit,
774 1376 828 1409 vel
861 1377 903 1409 de
939 1377 1013 1409 eius
1053 1376 1226 1409 voluntate
1261 1377 1478 1418 processerit,
1515 1376 1568 1409 vel
1606 1386 1672 1408 non
1709 1376 1919 1418 prohibuerit
1955 1385 2031 1409 curn

211 1440 392 1482 prohibere
417 1440 573 1481 potuerit,
598 1441 630 1472 et
652 1439 682 1472 si
708 1439 824 1481 aliquo
849 1448 931 1472 casu
956 1439 998 1472 de
1023 1439 1187 1481 predictis
1211 1439 1292 1472 dicti
1318 1439 1451 1472 Fratres
1475 1439 1598 1471 fuerint
1622 1439 1744 1471 deiecti
1763 1438 1816 1471 vel
1835 1438 1971 1480 expulsi
1990 1439 2032 1471 de

210 1502 303 1535 dicto
327 1502 542 1541 monasterio,
556 1501 636 1534 dicti
662 1500 782 1534 Abbas
806 1503 838 1534 et
862 1499 1028 1535 Canonici
1053 1502 1105 1534 sui
1123 1503 1300 1534 teneantur
1317 1503 1349 1534 et
1373 1501 1520 1534 debeant
1540 1500 1630 1540 ,infra
1647 1501 1765 1533 decem
1783 1501 1858 1533 dies
1876 1501 2030 1542 proxime

212 1564 476 1606 subsequentes,
514 1564 610 1605 ipsos
646 1563 780 1596 Fratres
804 1563 980 1596 restituere
1005 1565 1038 1596 et
1062 1563 1224 1596 reducere
1249 1563 1282 1595 in
1307 1565 1431 1596 statum
1457 1563 1635 1604 pristinum
1662 1564 1694 1595 et
1718 1562 1760 1595 ad
1787 1563 2031 1595 restitutionem

209 1626 315 1660 totius
339 1626 488 1668 dampni,
513 1626 677 1658 interesse
702 1627 734 1658 et
758 1634 987 1667 expensarum
1012 1625 1078 1658 sub
1102 1626 1260 1667 ipotheca
1292 1626 1457 1658 bonorum
1483 1625 1563 1658 dicti
1582 1625 1787 1657 monasterii.

303 1689 382 1722 ltem
407 1697 468 1730 per
491 1688 663 1730 predictos
688 1687 854 1720 Abbatem
880 1689 912 1721 et
936 1686 1131 1721 Canonicos
1148 1689 1180 1720 et
1197 1697 1258 1729 per
1274 1688 1447 1730 predictos
1461 1687 1610 1720 Priorem
1625 1686 1815 1729 generalem
1833 1689 1866 1719 et
1891 1686 2034 1726 Fratres,

211 1754 244 1785 et
268 1751 368 1784 dictis
393 1750 598 1790 nominibus,
622 1752 734 1783 actum
759 1750 868 1783 extitit
882 1751 914 1783 et
927 1750 1118 1783 ordinatum
1136 1750 1228 1791 quod
1242 1758 1303 1791 per
1315 1749 1443 1782 nullum
1468 1749 1653 1791 capitulum
1679 1749 1838 1791 superius
1871 1749 2033 1790 scriptum

210 1814 343 1848 Fratres
368 1813 477 1855 ipsius
502 1811 641 1846 Ordinis
666 1812 885 1845 Eremitarum
922 1812 1099 1846 intendunt
1135 1814 1262 1845 mutare
1288 1812 1341 1845 vel
1366 1812 1520 1854 frangere
1557 1813 1692 1854 pactum
1718 1811 1885 1854 privilegii
1912 1811 1963 1844 sui
1979 1820 2036 1843 su-

209 1877 326 1919 perius
350 1875 535 1915 memorati,
561 1875 593 1907 in
618 1884 687 1916 quo
712 1875 902 1908 continetur
937 1875 1029 1916 quod
1055 1874 1174 1908 Abbas
1199 1876 1231 1908 et
1255 1873 1419 1908 Canonici
1446 1876 1622 1907 teneantur
1646 1874 1746 1907 dictis
1772 1874 1945 1906 Fratribus
1971 1872 2035 1906 Or-

210 1939 301 1972 dinis
325 1938 546 1971 Eremitarum
571 1937 718 1970 vendere
743 1937 943 1970 territorium
969 1938 1058 1970 iusto
1083 1938 1192 1979 pretio
1217 1947 1278 1979 pro
1303 1938 1517 1970 edificatione
1546 1937 1598 1970 sui
1625 1937 1700 1969 loci.

301 2001 381 2034 Item
406 2001 491 2033 inter
514 2000 624 2033 dictas
648 2001 762 2042 partes
786 2000 980 2042 extititper
1004 2002 1139 2042 pactum
1165 2000 1256 2042 quod
1282 2009 1342 2042 per
1366 2000 1518 2041 predicta
1543 1999 1596 2032 vel
1622 1999 1760 2040 aliquod
1797 1999 2036 2040 predictorum,

211 2063 341 2106 aliquid
365 2063 491 2096 factum
515 2072 582 2095 non
607 2062 732 2095 existat
756 2063 849 2104 quod
874 2063 918 2095 sit
942 2065 1058 2095 contra
1094 2062 1340 2095 ordinationem
1376 2063 1504 2094 domini
1540 2061 1644 2103 Pape,
1681 2070 1881 2103 expressam
1907 2061 1939 2093 in
1965 2060 2037 2092 Pri—

212 2126 339 2168 vilegio
363 2125 515 2158 Fratrum
540 2125 691 2166 ipsoru‘m
710 2124 941 2158 Eremitarum,

302 2188 342 2221 Et
366 2188 411 2221 ita
435 2188 515 2220 dicti
548 2186 667 2220 Abbas
691 2189 724 2220 et
748 2185 913 2220 Canonici
950 2188 1085 2220 nomine
1109 2188 1202 2220 -dicti
1240 2187 1435 2220 monasterii
1472 2188 1704 2220 convenerunt
1739 2188 1771 2219 et
1808 2186 2035 2227 promiserunt

213 2251 343 2284 eisdem
368 2249 474 2283 Priori
500 2248 657 2283 Generali
683 2252 715 2282 et
740 2249 923 2290 Fratribus,
948 2250 1191 2292 recipientibus
1215 2251 1248 2282 et
1272 2249 1516 2291 stipulantibus
1540 2249 1674 2281 nomine
1700 2251 1732 2281 et
1758 2249 1831 2281 vice
1857 2248 1936 2280 dicti
1974 2247 2037 2280 Or—

214 2313 315 2353 dinis,
340 2322 380 2346 ea
404 2312 576 2345 attendere
601 2314 634 2345 et
657 2312 841 2345 observare
866 2312 931 2345 sub
955 2321 1044 2354 pena
1068 2313 1195 2355 integre
1221 2312 1454 2351 restitutionis,
1479 2312 1643 2344 interesse
1669 2313 1700 2344 et
1725 2319 1953 2352 expensarum
1968 2310 2036 2342 litis

214 2375 300 2408 intra
323 2377 356 2408 et
380 2381 486 2408 extra.
527 2373 567 2407 Et
591 2383 653 2416 pro
677 2374 778 2407 dictis
810 2375 970 2408 omnibus
994 2376 1027 2408 et
1051 2374 1195 2417 singulis
1231 2375 1280 2407 sic
1316 2375 1454 2407 tirmiter
1489 2374 1705 2407 attendendis
1742 2375 1774 2406 et
1810 2372 2036 2405 observandis

213 2437 295 2470 dicti
320 2436 438 2470 Abbas
462 2438 495 2469 et
519 2434 683 2469 Canonici
708 2436 821 2469 omnia
846 2436 935 2469 bona
959 2437 1040 2469 dicti
1066 2437 1260 2470 monasterii
1286 2437 1415 2470 eisdem
1452 2435 1558 2469 Priori
1584 2438 1616 2469 et
1641 2435 1813 2468 Fratribus
1846 2434 2038 2476 recipienti-

215 2499 281 2532 bus
305 2499 439 2532 nomine
464 2500 496 2531 et
521 2499 596 2531 vice
621 2498 701 2531 dicti
727 2497 866 2532 Ordinis
891 2498 1122 2539 Eremitarum‚
1148 2499 1280 2541 pignori
1305 2499 1553 2541 obligaverunt.
1579 2496 1654 2536 Que
1680 2498 1770 2530 bona
1787 2496 1937 2538 obligata
1955 2496 2035 2529 dicti

216 2560 334 2594 Abbas
358 2563 391 2594 et
415 2559 579 2594 Canonici
605 2561 851 2594 constituerunt
875 2570 919 2594 ex
944 2570 1032 2594 nunc
1058 2570 1095 2594 se
1127 2563 1252 2601 tenere,
1281 2562 1460 2603 possidere
1497 2562 1529 2593 et
1565 2560 1674 2602 quasi,
1711 2559 1865 2601 precario
1902 2559 2036 2591 nomine

217 2623 382 2656 dictorum
407 2622 534 2656 Prioris
558 2621 736 2656 Generalis
761 2625 793 2656 et
817 2622 967 2656 Fratrum
993 2623 1084 2656 dicto
1109 2624 1243 2656 nomine
1268 2626 1301 2656 et
1325 2624 1435 2665 ipsius
1460 2622 1614 2656 Ordinis:
1656 2621 1704 2654 Eo
1741 2621 1842 2654 modo
1879 2621 1970 2662 quod
2008 2621 2036 2654 si

217 2693 278 2727 per
301 2674 474 2727 predictos
498 2683 665 2718 Abbatem
690 2686 723 2718 et
747 2683 942 2718 Canonicos
966 2687 998 2718 et
1023 2694 1138 2718 eorum
1164 2693 1395 2725 successores,
1410 2685 1544 2717 nomine
1559 2684 1638 2717 dicti
1655 2683 1860 2722 monasterii,
1885 2683 2038 2724 predicta

216 2747 329 2780 omnia
353 2749 385 2780 et
409 2746 544 2789 singula
567 2756 634 2779 non
658 2746 781 2780 fuerint
806 2747 987 2780 observata
1012 2747 1045 2779 in
1073 2747 1233 2780 omnibus
1258 2748 1291 2780 et
1315 2756 1376 2788 per
1399 2746 1513 2779 omnia
1537 2748 1636 2788 prout
1672 2745 1831 2787 superius
1856 2746 1934 2777 sunt
1959 2754 2037 2786 pro-

220 2808 335 2849 missa,
360 2809 458 2842 liceat
482 2811 562 2842 tunc
586 2808 693 2842 Priori
719 2807 877 2842 Generali
902 2811 934 2842 et
959 2809 1132 2842 Fratribus
1156 2810 1236 2842 dicti
1262 2808 1401 2842 Ordinis
1427 2808 1659 2847 Eremitarum,
1685 2808 1820 2840 nomine
1846 2808 1956 2849 ipsius
1974 2806 2038 2840 Or-

219 2870 320 2910 dinis,
344 2871 480 2913 propria
504 2871 702 2905 auctoritate
727 2872 849 2904 intrare
875 2871 907 2904 in
943 2873 1092 2904 tenutam
1117 2873 1149 2904 et
1173 2870 1384 2913 corporalem
1410 2871 1667 2912 possessionem
1693 2870 1843 2902 omnium
1869 2869 2034 2902 bonorum

220 2932 300 2966 dicti
326 2934 519 2967 monasterii
545 2934 671 2976 ubique
696 2934 913 2967 existentium
939 2935 971 2966 et
995 2943 1139 2975 quorum
1164 2942 1207 2966 ex
1233 2934 1319 2975 ipsis
1344 2933 1453 2975 magis
1489 2932 1666 2965 voluerint.
1704 2931 1744 2965 Et
1769 2932 1844 2974 ipsa
1881 2932 1969 2964 bona
2006 2934 2038 2964 et

220 3003 287 3037 que
305 2996 413 3038 magis
429 3005 472 3029 ex
490 2996 576 3038 ipsis
593 2996 760 3029 voluerint
784 2996 966 3036 vendendi,
991 2995 1160 3029 alienandi
1178 2996 1252 3028 sive
1270 2996 1302 3027 in
1320 3003 1358 3028 se
1376 2995 1539 3028 retinendi
1557 2997 1590 3028 et
1607 2994 1770 3037 quicquid
1797 2994 1964 3027 voluerint
1988 2993 2038 3026 fa-

221 3056 343 3097 ciendi,
367 3058 480 3091 omnia
503 3059 536 3091 et
559 3058 694 3101 singula
718 3067 761 3092 ex
787 3067 875 3091 nunc
901 3058 981 3091 dicti
1007 3057 1125 3091 Abbas
1149 3059 1182 3090 et
1206 3056 1382 3097 Canonici,
1407 3057 1542 3090 nomine
1567 3057 1647 3090 dicti
1673 3057 1878 3096 monasterii,
1907 3056 2036 3089 eisdem

221 3116 327 3152 Priori
352 3117 510 3153 Generali
535 3122 568 3154 et
592 3120 764 3154 Fratribus
789 3120 1032 3162 recipientibus
1055 3121 1088 3153 et
1112 3106 1354 3161 stipulantibus
1379 3119 1514 3152 nomine
1539 3119 1618 3152 dicti
1645 3117 1784 3152 Ordinis
1817 3118 2036 3151 Eremitarum

2005 3213 2018 3234 7
