<?xml version="1.0" encoding="UTF-8"?>
<!DOCTYPE html PUBLIC "-//W3C//DTD XHTML 1.0 Transitional//EN"
    "http://www.w3.org/TR/xhtml1/DTD/xhtml1-transitional.dtd">
<html xmlns="http://www.w3.org/1999/xhtml" xml:lang="en" lang="en">
 <head>
  <title>
</title>
<meta http-equiv="Content-Type" content="text/html;charset=utf-8" />
  <meta name='ocr-system' content='tesseract 3.04.00' />
  <meta name='ocr-capabilities' content='ocr_page ocr_carea ocr_par ocr_line ocrx_word'/>
</head>
<body>
  <div class='ocr_page' id='page_1' title='image "./codexdiplomaticu01maiouoft_0140.png"; bbox 0 0 2496 3600; ppageno 0'>
   <div class='ocr_carea' id='block_1_1' title="bbox 482 241 527 276">
    <p class='ocr_par' dir='ltr' id='par_1_1' title="bbox 482 241 527 276">
     <span class='ocr_line' id='line_1_1' title="bbox 482 241 527 276; baseline -0.022 0"><span class='ocrx_word' id='word_1_1' title='bbox 482 241 527 276; x_wconf 90' lang='grc'>70</span> 
     </span>
    </p>
   </div>
   <div class='ocr_carea' id='block_1_2' title="bbox 456 365 2387 850">
    <p class='ocr_par' dir='ltr' id='par_1_2' title="bbox 456 359 2402 850">
     <span class='ocr_line' id='line_1_2' title="bbox 480 365 2327 417; baseline -0.002 -10"><span class='ocrx_word' id='word_1_2' title='bbox 480 374 580 408; x_wconf 83' lang='lat' dir='ltr'>fratre</span> <span class='ocrx_word' id='word_1_3' title='bbox 605 373 768 414; x_wconf 89' lang='lat' dir='ltr'>Oliverio,</span> <span class='ocrx_word' id='word_1_4' title='bbox 803 374 904 408; x_wconf 82' lang='lat' dir='ltr'>tratre</span> <span class='ocrx_word' id='word_1_5' title='bbox 941 372 1091 417; x_wconf 86' lang='lat' dir='ltr'>Georgio</span> <span class='ocrx_word' id='word_1_6' title='bbox 1115 375 1148 407; x_wconf 92' lang='lat' dir='ltr'>et</span> <span class='ocrx_word' id='word_1_7' title='bbox 1171 373 1272 407; x_wconf 82' lang='lat' dir='ltr'>fratre</span> <span class='ocrx_word' id='word_1_8' title='bbox 1297 371 1516 415; x_wconf 88' lang='lat' dir='ltr'>Appollonio,</span> <span class='ocrx_word' id='word_1_9' title='bbox 1551 371 1713 406; x_wconf 81' lang='lat' dir='ltr'>tratribus</span> <span class='ocrx_word' id='word_1_10' title='bbox 1737 374 1770 406; x_wconf 93' lang='lat' dir='ltr'>et</span> <span class='ocrx_word' id='word_1_11' title='bbox 1793 370 1980 407; x_wconf 88' lang='lat' dir='ltr'>Canonicis</span> <span class='ocrx_word' id='word_1_12' title='bbox 2001 371 2083 406; x_wconf 89' lang='lat' dir='ltr'>dicti</span> <span class='ocrx_word' id='word_1_13' title='bbox 2106 371 2308 407; x_wconf 79' lang='lat' dir='ltr'>Monasterii</span> <span class='ocrx_word' id='word_1_14' title='bbox 2322 365 2327 369; x_wconf 46' lang='lat'><strong>⁴</strong></span> 
     </span>
     <span class='ocr_line' id='line_1_3' title="bbox 481 433 2308 478; baseline 0 -8"><span class='ocrx_word' id='word_1_15' title='bbox 481 437 607 470; x_wconf 86' lang='lat' dir='ltr'>ibidem</span> <span class='ocrx_word' id='word_1_16' title='bbox 632 437 675 470; x_wconf 91' lang='lat' dir='ltr'>de</span> <span class='ocrx_word' id='word_1_17' title='bbox 700 437 860 470; x_wconf 87' lang='lat' dir='ltr'>mandato</span> <span class='ocrx_word' id='word_1_18' title='bbox 884 436 965 470; x_wconf 90' lang='lat' dir='ltr'>dicti</span> <span class='ocrx_word' id='word_1_19' title='bbox 991 436 1119 469; x_wconf 91' lang='lat' dir='ltr'>domini</span> <span class='ocrx_word' id='word_1_20' title='bbox 1144 435 1290 468; x_wconf 90' lang='lat' dir='ltr'>Abbatis</span> <span class='ocrx_word' id='word_1_21' title='bbox 1314 435 1358 468; x_wconf 92' lang='lat' dir='ltr'>ad</span> <span class='ocrx_word' id='word_1_22' title='bbox 1383 433 1579 477; x_wconf 75' lang='lat' dir='ltr'>Capitulum</span> <span class='ocrx_word' id='word_1_23' title='bbox 1603 434 1828 468; x_wconf 81' lang='lat' dir='ltr'>convocantis</span> <span class='ocrx_word' id='word_1_24' title='bbox 1851 435 1885 468; x_wconf 87' lang='lat' dir='ltr'>et</span> <span class='ocrx_word' id='word_1_25' title='bbox 1908 434 2126 478; x_wconf 82' lang='lat' dir='ltr'>congregatis</span> <span class='ocrx_word' id='word_1_26' title='bbox 2152 443 2215 477; x_wconf 86' lang='lat' dir='ltr'>pro</span> <span class='ocrx_word' id='word_1_27' title='bbox 2242 434 2308 470; x_wconf 82' lang='lat' dir='ltr'>hoc</span> 
     </span>
     <span class='ocr_line' id='line_1_4' title="bbox 456 487 2308 541; baseline -0.001 -9"><span class='ocrx_word' id='word_1_28' title='bbox 456 487 459 488; x_wconf 33' lang='grc' dir='ltr'>ζ</span> <span class='ocrx_word' id='word_1_29' title='bbox 479 499 621 540; x_wconf 89' lang='lat' dir='ltr'>speciali</span> <span class='ocrx_word' id='word_1_30' title='bbox 647 499 791 541; x_wconf 87' lang='lat' dir='ltr'>negocio</span> <span class='ocrx_word' id='word_1_31' title='bbox 815 498 1010 540; x_wconf 83' lang='lat' dir='ltr'><strong>specialiter</strong></span> <span class='ocrx_word' id='word_1_32' title='bbox 1033 498 1202 538; x_wconf 81' lang='lat' dir='ltr'>faciendo,</span> <span class='ocrx_word' id='word_1_33' title='bbox 1220 499 1252 530; x_wconf 92' lang='lat' dir='ltr'>et</span> <span class='ocrx_word' id='word_1_34' title='bbox 1269 497 1327 540; x_wconf 91' lang='lat' dir='ltr'>qui</span> <span class='ocrx_word' id='word_1_35' title='bbox 1344 496 1465 530; x_wconf 86' lang='lat' dir='ltr'>fratres</span> <span class='ocrx_word' id='word_1_36' title='bbox 1478 498 1558 530; x_wconf 91' lang='lat' dir='ltr'>sunt</span> <span class='ocrx_word' id='word_1_37' title='bbox 1573 505 1693 530; x_wconf 86' lang='lat' dir='ltr'>omnes</span> <span class='ocrx_word' id='word_1_38' title='bbox 1710 496 1743 529; x_wconf 92' lang='lat' dir='ltr'>in</span> <span class='ocrx_word' id='word_1_39' title='bbox 1761 496 1854 530; x_wconf 92' lang='lat' dir='ltr'>dicto</span> <span class='ocrx_word' id='word_1_40' title='bbox 1870 495 2083 530; x_wconf 83' lang='lat' dir='ltr'>Monasterio</span> <span class='ocrx_word' id='word_1_41' title='bbox 2107 496 2308 537; x_wconf 83' lang='lat' dir='ltr'>residentes,</span> 
     </span>
     <span class='ocr_line' id='line_1_5' title="bbox 478 558 2352 603; baseline -0.001 -9"><span class='ocrx_word' id='word_1_42' title='bbox 478 562 512 594; x_wconf 90' lang='lat' dir='ltr'>et</span> <span class='ocrx_word' id='word_1_43' title='bbox 536 561 601 603; x_wconf 90' lang='lat' dir='ltr'>ipsi</span> <span class='ocrx_word' id='word_1_44' title='bbox 626 561 746 594; x_wconf 83' lang='lat' dir='ltr'>tratres</span> <span class='ocrx_word' id='word_1_45' title='bbox 771 570 838 594; x_wconf 90' lang='lat' dir='ltr'>una</span> <span class='ocrx_word' id='word_1_46' title='bbox 861 570 939 594; x_wconf 87' lang='lat' dir='ltr'>cum</span> <span class='ocrx_word' id='word_1_47' title='bbox 964 561 1056 593; x_wconf 91' lang='lat' dir='ltr'>dicto</span> <span class='ocrx_word' id='word_1_48' title='bbox 1081 559 1220 593; x_wconf 91' lang='lat' dir='ltr'>domino</span> <span class='ocrx_word' id='word_1_49' title='bbox 1245 558 1379 593; x_wconf 87' lang='lat' dir='ltr'>Abbate</span> <span class='ocrx_word' id='word_1_50' title='bbox 1403 560 1436 592; x_wconf 89' lang='lat' dir='ltr'>et</span> <span class='ocrx_word' id='word_1_51' title='bbox 1460 568 1536 592; x_wconf 88' lang='lat' dir='ltr'>cum</span> <span class='ocrx_word' id='word_1_52' title='bbox 1561 559 1636 592; x_wconf 92' lang='lat' dir='ltr'>eius</span> <span class='ocrx_word' id='word_1_53' title='bbox 1660 566 1852 593; x_wconf 88' lang='lat' dir='ltr'>consenssu</span> <span class='ocrx_word' id='word_1_54' title='bbox 1876 560 1910 592; x_wconf 91' lang='lat' dir='ltr'>et</span> <span class='ocrx_word' id='word_1_55' title='bbox 1932 559 2132 592; x_wconf 89' lang='lat' dir='ltr'>auctoritate</span> <span class='ocrx_word' id='word_1_56' title='bbox 2169 558 2309 593; x_wconf 83' lang='lat' dir='ltr'>obtenta</span> <span class='ocrx_word' id='word_1_57' title='bbox 2347 563 2352 569; x_wconf 83' lang='lat'><strong><em>‘</em></strong></span> 
     </span>
     <span class='ocr_line' id='line_1_6' title="bbox 478 620 2310 665; baseline -0.001 -9"><span class='ocrx_word' id='word_1_58' title='bbox 478 623 573 665; x_wconf 91' lang='lat' dir='ltr'>prius</span> <span class='ocrx_word' id='word_1_59' title='bbox 591 623 733 656; x_wconf 82' lang='lat' dir='ltr'>licencia</span> <span class='ocrx_word' id='word_1_60' title='bbox 758 623 825 655; x_wconf 90' lang='lat' dir='ltr'>imo</span> <span class='ocrx_word' id='word_1_61' title='bbox 850 623 957 656; x_wconf 90' lang='lat' dir='ltr'>eciam</span> <span class='ocrx_word' id='word_1_62' title='bbox 983 623 1011 656; x_wconf 93' lang='lat' dir='ltr'>si</span> <span class='ocrx_word' id='word_1_63' title='bbox 1039 622 1128 655; x_wconf 90' lang='lat' dir='ltr'>idem</span> <span class='ocrx_word' id='word_1_64' title='bbox 1154 621 1314 655; x_wconf 90' lang='lat' dir='ltr'>dominus</span> <span class='ocrx_word' id='word_1_65' title='bbox 1338 620 1458 654; x_wconf 91' lang='lat' dir='ltr'>Abbas</span> <span class='ocrx_word' id='word_1_66' title='bbox 1481 623 1515 654; x_wconf 90' lang='lat' dir='ltr'>et</span> <span class='ocrx_word' id='word_1_67' title='bbox 1531 620 1652 654; x_wconf 82' lang='lat' dir='ltr'>tratres</span> <span class='ocrx_word' id='word_1_68' title='bbox 1668 622 1862 663; x_wconf 85' lang='lat' dir='ltr'>presentem</span> <span class='ocrx_word' id='word_1_69' title='bbox 1880 620 2118 654; x_wconf 87' lang='lat' dir='ltr'>vendicionem</span> <span class='ocrx_word' id='word_1_70' title='bbox 2131 620 2243 654; x_wconf 80' lang='lat' dir='ltr'>tacere</span> <span class='ocrx_word' id='word_1_71' title='bbox 2257 629 2310 654; x_wconf 90' lang='lat' dir='ltr'>re-</span> 
     </span>
     <span class='ocr_line' id='line_1_7' title="bbox 477 682 2387 726; baseline -0.001 -9"><span class='ocrx_word' id='word_1_72' title='bbox 477 687 646 724; x_wconf 85' lang='lat' dir='ltr'>cusarent,</span> <span class='ocrx_word' id='word_1_73' title='bbox 671 685 788 717; x_wconf 89' lang='lat' dir='ltr'>habito</span> <span class='ocrx_word' id='word_1_74' title='bbox 813 685 845 717; x_wconf 94' lang='lat' dir='ltr'>in</span> <span class='ocrx_word' id='word_1_75' title='bbox 871 684 1040 717; x_wconf 90' lang='lat' dir='ltr'>mandatis</span> <span class='ocrx_word' id='word_1_76' title='bbox 1065 685 1165 726; x_wconf 89' lang='lat' dir='ltr'>prout</span> <span class='ocrx_word' id='word_1_77' title='bbox 1189 684 1222 716; x_wconf 93' lang='lat' dir='ltr'>in</span> <span class='ocrx_word' id='word_1_78' title='bbox 1248 683 1368 717; x_wconf 91' lang='lat' dir='ltr'>litteris</span> <span class='ocrx_word' id='word_1_79' title='bbox 1391 682 1502 716; x_wconf 82' lang='lat' dir='ltr'>felicis</span> <span class='ocrx_word' id='word_1_80' title='bbox 1537 683 1783 716; x_wconf 89' lang='lat' dir='ltr'>recordationis</span> <span class='ocrx_word' id='word_1_81' title='bbox 1806 682 2013 716; x_wconf 83' lang='lat' dir='ltr'>sanctissimi</span> <span class='ocrx_word' id='word_1_82' title='bbox 2038 682 2145 725; x_wconf 88' lang='lat' dir='ltr'>patris</span> <span class='ocrx_word' id='word_1_83' title='bbox 2179 682 2308 716; x_wconf 83' lang='lat' dir='ltr'>domini</span> <span class='ocrx_word' id='word_1_84' title='bbox 2375 683 2387 703; x_wconf 72' lang='lat'>³</span> 
     </span>
     <span class='ocr_line' id='line_1_8' title="bbox 478 744 2310 788; baseline 0 -9"><span class='ocrx_word' id='word_1_85' title='bbox 478 746 637 779; x_wconf 85' lang='lat' dir='ltr'>Iohannis</span> <span class='ocrx_word' id='word_1_86' title='bbox 662 749 741 779; x_wconf 91' lang='lat' dir='ltr'>tune</span> <span class='ocrx_word' id='word_1_87' title='bbox 767 746 884 779; x_wconf 91' lang='lat' dir='ltr'>divina</span> <span class='ocrx_word' id='word_1_88' title='bbox 909 746 1125 788; x_wconf 86' lang='lat' dir='ltr'>providentia</span> <span class='ocrx_word' id='word_1_89' title='bbox 1150 754 1239 788; x_wconf 90' lang='lat' dir='ltr'>pape</span> <span class='ocrx_word' id='word_1_90' title='bbox 1265 746 1421 788; x_wconf 90' lang='lat' dir='ltr'>vigesimi</span> <span class='ocrx_word' id='word_1_91' title='bbox 1447 745 1602 785; x_wconf 90' lang='lat' dir='ltr'>secundi,</span> <span class='ocrx_word' id='word_1_92' title='bbox 1627 745 1782 779; x_wconf 90' lang='lat' dir='ltr'>eiusdem</span> <span class='ocrx_word' id='word_1_93' title='bbox 1806 745 1934 778; x_wconf 92' lang='lat' dir='ltr'>domini</span> <span class='ocrx_word' id='word_1_94' title='bbox 1959 753 2049 787; x_wconf 90' lang='lat' dir='ltr'>pape</span> <span class='ocrx_word' id='word_1_95' title='bbox 2073 744 2188 788; x_wconf 87' lang='lat' dir='ltr'>sigillo</span> <span class='ocrx_word' id='word_1_96' title='bbox 2211 753 2310 788; x_wconf 86' lang='lat' dir='ltr'>pom—</span> 
     </span>
     <span class='ocr_line' id='line_1_9' title="bbox 478 806 2359 850; baseline -0.001 -9"><span class='ocrx_word' id='word_1_97' title='bbox 478 809 555 841; x_wconf 93' lang='lat' dir='ltr'>bleo</span> <span class='ocrx_word' id='word_1_98' title='bbox 580 817 755 850; x_wconf 88' lang='lat' dir='ltr'>appensso</span> <span class='ocrx_word' id='word_1_99' title='bbox 773 809 923 848; x_wconf 90' lang='lat' dir='ltr'>munitis,</span> <span class='ocrx_word' id='word_1_100' title='bbox 941 808 1031 841; x_wconf 89' lang='lat' dir='ltr'>datis</span> <span class='ocrx_word' id='word_1_101' title='bbox 1048 807 1218 841; x_wconf 89' lang='lat' dir='ltr'>Avinione</span> <span class='ocrx_word' id='word_1_102' title='bbox 1235 807 1478 841; x_wconf 85' lang='lat' dir='ltr'>terciodecimo</span> <span class='ocrx_word' id='word_1_103' title='bbox 1496 807 1718 841; x_wconf 89' lang='lat' dir='ltr'>kalendarum</span> <span class='ocrx_word' id='word_1_104' title='bbox 1731 807 1904 847; x_wconf 81' lang='lat' dir='ltr'>februarii,</span> <span class='ocrx_word' id='word_1_105' title='bbox 1917 807 2136 849; x_wconf 77' lang='lat' dir='ltr'>pontificatus</span> <span class='ocrx_word' id='word_1_106' title='bbox 2152 806 2308 841; x_wconf 87' lang='lat' dir='ltr'>eiusdem</span> <span class='ocrx_word' id='word_1_107' title='bbox 2350 805 2385 842; x_wconf 73' lang='grc'>,.’</span> 
     </span>
    </p>
   </div>
   <div class='ocr_carea' id='block_1_3' title="bbox 475 854 2366 912">
    <p class='ocr_par' dir='ltr' id='par_1_3' title="bbox 475 854 2379 918">
     <span class='ocr_line' id='line_1_10' title="bbox 475 854 2366 912; baseline 0 -9"><span class='ocrx_word' id='word_1_108' title='bbox 475 871 604 903; x_wconf 92' lang='lat' dir='ltr'>domini</span> <span class='ocrx_word' id='word_1_109' title='bbox 641 879 730 912; x_wconf 89' lang='lat' dir='ltr'>pape</span> <span class='ocrx_word' id='word_1_110' title='bbox 766 879 856 903; x_wconf 91' lang='lat' dir='ltr'>anno</span> <span class='ocrx_word' id='word_1_111' title='bbox 894 871 1087 910; x_wconf 91' lang='lat' dir='ltr'>undecimo,</span> <span class='ocrx_word' id='word_1_112' title='bbox 1123 870 1322 912; x_wconf 89' lang='lat' dir='ltr'>plenissime</span> <span class='ocrx_word' id='word_1_113' title='bbox 1358 869 1560 910; x_wconf 88' lang='lat' dir='ltr'>continetur,</span> <span class='ocrx_word' id='word_1_114' title='bbox 1597 869 1732 902; x_wconf 89' lang='lat' dir='ltr'>nomine</span> <span class='ocrx_word' id='word_1_115' title='bbox 1757 871 1790 903; x_wconf 91' lang='lat' dir='ltr'>et</span> <span class='ocrx_word' id='word_1_116' title='bbox 1813 878 1834 902; x_wconf 93' lang='lat' dir='ltr'>a</span> <span class='ocrx_word' id='word_1_117' title='bbox 1858 871 1953 911; x_wconf 90' lang='lat' dir='ltr'>parte</span> <span class='ocrx_word' id='word_1_118' title='bbox 1989 868 2070 902; x_wconf 91' lang='lat' dir='ltr'>dicti</span> <span class='ocrx_word' id='word_1_119' title='bbox 2105 868 2308 903; x_wconf 72' lang='lat' dir='ltr'>monasterii</span> <span class='ocrx_word' id='word_1_120' title='bbox 2353 854 2366 870; x_wconf 38' lang='grc' dir='ltr'>ζ</span> 
     </span>
    </p>
   </div>
   <div class='ocr_carea' id='block_1_4' title="bbox 477 931 2310 974">
    <p class='ocr_par' dir='ltr' id='par_1_4' title="bbox 477 910 2386 974">
     <span class='ocr_line' id='line_1_11' title="bbox 477 931 2310 974; baseline 0 -9"><span class='ocrx_word' id='word_1_121' title='bbox 477 931 591 967; x_wconf 88' lang='lat' dir='ltr'>Sancti</span> <span class='ocrx_word' id='word_1_122' title='bbox 618 932 719 972; x_wconf 86' lang='lat' dir='ltr'>Petri,</span> <span class='ocrx_word' id='word_1_123' title='bbox 744 942 806 974; x_wconf 89' lang='lat' dir='ltr'>pro</span> <span class='ocrx_word' id='word_1_124' title='bbox 831 933 948 974; x_wconf 92' lang='lat' dir='ltr'>precio</span> <span class='ocrx_word' id='word_1_125' title='bbox 986 933 1146 966; x_wconf 90' lang='lat' dir='ltr'>librarum</span> <span class='ocrx_word' id='word_1_126' title='bbox 1182 932 1404 966; x_wconf 92' lang='lat' dir='ltr'>ducentarum</span> <span class='ocrx_word' id='word_1_127' title='bbox 1441 932 1658 974; x_wconf 85' lang='lat' dir='ltr'>septuaginta</span> <span class='ocrx_word' id='word_1_128' title='bbox 1693 933 1726 964; x_wconf 87' lang='lat' dir='ltr'>et</span> <span class='ocrx_word' id='word_1_129' title='bbox 1761 931 1912 974; x_wconf 89' lang='lat' dir='ltr'>quinque</span> <span class='ocrx_word' id='word_1_130' title='bbox 1948 931 2164 974; x_wconf 86' lang='lat' dir='ltr'>papiensium</span> <span class='ocrx_word' id='word_1_131' title='bbox 2189 931 2310 970; x_wconf 75' lang='lat' dir='ltr'>vendi-,-</span> 
     </span>
    </p>
   </div>
   <div class='ocr_carea' id='block_1_5' title="bbox 473 991 2410 1811">
    <p class='ocr_par' dir='ltr' id='par_1_5' title="bbox 473 991 2410 1788">
     <span class='ocr_line' id='line_1_12' title="bbox 476 991 2382 1042; baseline -0.002 -15"><span class='ocrx_word' id='word_1_132' title='bbox 476 995 597 1028; x_wconf 89' lang='lat' dir='ltr'>derunt</span> <span class='ocrx_word' id='word_1_133' title='bbox 633 997 665 1028; x_wconf 94' lang='lat' dir='ltr'>et</span> <span class='ocrx_word' id='word_1_134' title='bbox 701 995 936 1028; x_wconf 90' lang='lat' dir='ltr'>traddiderunt</span> <span class='ocrx_word' id='word_1_135' title='bbox 972 997 1005 1028; x_wconf 87' lang='lat' dir='ltr'>et</span> <span class='ocrx_word' id='word_1_136' title='bbox 1041 995 1208 1028; x_wconf 92' lang='lat' dir='ltr'>dederunt</span> <span class='ocrx_word' id='word_1_137' title='bbox 1243 994 1425 1037; x_wconf 87' lang='lat' dir='ltr'>religiosso</span> <span class='ocrx_word' id='word_1_138' title='bbox 1449 994 1524 1027; x_wconf 93' lang='lat' dir='ltr'>viro</span> <span class='ocrx_word' id='word_1_139' title='bbox 1560 993 1665 1027; x_wconf 84' lang='lat' dir='ltr'>Fratri</span> <span class='ocrx_word' id='word_1_140' title='bbox 1697 992 1890 1036; x_wconf 85' lang='lat' dir='ltr'>Augustino</span> <span class='ocrx_word' id='word_1_141' title='bbox 1926 993 1969 1026; x_wconf 93' lang='lat' dir='ltr'>de</span> <span class='ocrx_word' id='word_1_142' title='bbox 2005 992 2135 1033; x_wconf 84' lang='lat' dir='ltr'>Padua,</span> <span class='ocrx_word' id='word_1_143' title='bbox 2166 991 2309 1029; x_wconf 72' lang='lat' dir='ltr'>Ordinis</span> <span class='ocrx_word' id='word_1_144' title='bbox 2349 1003 2382 1042; x_wconf 55' lang='lat'>⁴}</span> 
     </span>
     <span class='ocr_line' id='line_1_13' title="bbox 476 1049 2385 1104; baseline -0.002 -15"><span class='ocrx_word' id='word_1_145' title='bbox 476 1056 628 1089; x_wconf 81' lang='lat' dir='ltr'>Fratrum</span> <span class='ocrx_word' id='word_1_146' title='bbox 667 1057 913 1102; x_wconf 87' lang='lat' dir='ltr'>Heremitarum</span> <span class='ocrx_word' id='word_1_147' title='bbox 949 1055 1064 1090; x_wconf 90' lang='lat' dir='ltr'>Sancti</span> <span class='ocrx_word' id='word_1_148' title='bbox 1101 1056 1283 1100; x_wconf 88' lang='lat' dir='ltr'>Augustini</span> <span class='ocrx_word' id='word_1_149' title='bbox 1320 1057 1443 1090; x_wconf 90' lang='lat' dir='ltr'>ementi</span> <span class='ocrx_word' id='word_1_150' title='bbox 1476 1055 1664 1098; x_wconf 89' lang='lat' dir='ltr'>acquirenti</span> <span class='ocrx_word' id='word_1_151' title='bbox 1697 1057 1730 1089; x_wconf 91' lang='lat' dir='ltr'>et</span> <span class='ocrx_word' id='word_1_152' title='bbox 1754 1055 1930 1098; x_wconf 89' lang='lat' dir='ltr'>stipulanti</span> <span class='ocrx_word' id='word_1_153' title='bbox 1962 1055 2077 1088; x_wconf 92' lang='lat' dir='ltr'>omnia</span> <span class='ocrx_word' id='word_1_154' title='bbox 2107 1057 2141 1089; x_wconf 92' lang='lat' dir='ltr'>et</span> <span class='ocrx_word' id='word_1_155' title='bbox 2171 1054 2308 1099; x_wconf 75' lang='lat' dir='ltr'>singula</span> <span class='ocrx_word' id='word_1_156' title='bbox 2359 1049 2385 1104; x_wconf 44' lang='grc' dir='ltr'>,ζ</span> 
     </span>
     <span class='ocr_line' id='line_1_14' title="bbox 476 1116 2310 1161; baseline -0.001 -10"><span class='ocrx_word' id='word_1_157' title='bbox 476 1119 691 1161; x_wconf 85' lang='lat' dir='ltr'>intrascripta</span> <span class='ocrx_word' id='word_1_158' title='bbox 731 1119 867 1152; x_wconf 93' lang='lat' dir='ltr'>nomine</span> <span class='ocrx_word' id='word_1_159' title='bbox 904 1121 937 1152; x_wconf 93' lang='lat' dir='ltr'>et</span> <span class='ocrx_word' id='word_1_160' title='bbox 972 1119 1047 1152; x_wconf 90' lang='lat' dir='ltr'>vice</span> <span class='ocrx_word' id='word_1_161' title='bbox 1084 1119 1164 1152; x_wconf 91' lang='lat' dir='ltr'>dicti</span> <span class='ocrx_word' id='word_1_162' title='bbox 1201 1118 1342 1153; x_wconf 91' lang='lat' dir='ltr'>Ordinis</span> <span class='ocrx_word' id='word_1_163' title='bbox 1377 1121 1410 1152; x_wconf 87' lang='lat' dir='ltr'>et</span> <span class='ocrx_word' id='word_1_164' title='bbox 1446 1120 1637 1152; x_wconf 87' lang='lat' dir='ltr'>conventus</span> <span class='ocrx_word' id='word_1_165' title='bbox 1673 1117 1812 1151; x_wconf 78' lang='lat' dir='ltr'>fratrum</span> <span class='ocrx_word' id='word_1_166' title='bbox 1848 1117 1958 1160; x_wconf 92' lang='lat' dir='ltr'>ipsius</span> <span class='ocrx_word' id='word_1_167' title='bbox 1983 1116 2123 1151; x_wconf 89' lang='lat' dir='ltr'>Ordinis</span> <span class='ocrx_word' id='word_1_168' title='bbox 2157 1125 2310 1151; x_wconf 87' lang='lat' dir='ltr'>commo-</span> 
     </span>
     <span class='ocr_line' id='line_1_15' title="bbox 478 1170 2410 1226; baseline -0.001 -13"><span class='ocrx_word' id='word_1_169' title='bbox 478 1182 630 1214; x_wconf 90' lang='lat' dir='ltr'>rancium</span> <span class='ocrx_word' id='word_1_170' title='bbox 657 1181 752 1214; x_wconf 88' lang='lat' dir='ltr'>iuxta</span> <span class='ocrx_word' id='word_1_171' title='bbox 777 1181 959 1215; x_wconf 90' lang='lat' dir='ltr'>ecclesiam</span> <span class='ocrx_word' id='word_1_172' title='bbox 996 1182 1077 1215; x_wconf 92' lang='lat' dir='ltr'>dicti</span> <span class='ocrx_word' id='word_1_173' title='bbox 1115 1181 1322 1221; x_wconf 89' lang='lat' dir='ltr'>monasterii,</span> <span class='ocrx_word' id='word_1_174' title='bbox 1347 1181 1501 1214; x_wconf 92' lang='lat' dir='ltr'>sedimen</span> <span class='ocrx_word' id='word_1_175' title='bbox 1519 1189 1623 1213; x_wconf 90' lang='lat' dir='ltr'>unum</span> <span class='ocrx_word' id='word_1_176' title='bbox 1647 1179 1741 1222; x_wconf 91' lang='lat' dir='ltr'>quod</span> <span class='ocrx_word' id='word_1_177' title='bbox 1765 1181 1819 1213; x_wconf 90' lang='lat' dir='ltr'>est</span> <span class='ocrx_word' id='word_1_178' title='bbox 1842 1179 2034 1213; x_wconf 87' lang='lat' dir='ltr'>tabularum</span> <span class='ocrx_word' id='word_1_179' title='bbox 2058 1179 2307 1222; x_wconf 77' lang='lat' dir='ltr'>quinquaginta</span> <span class='ocrx_word' id='word_1_180' title='bbox 2351 1170 2387 1226; x_wconf 27' lang='grc' dir='ltr'>Ἰ</span> <span class='ocrx_word' id='word_1_181' title='bbox 2408 1215 2410 1218; x_wconf 66' lang='grc'>,</span> 
     </span>
     <span class='ocr_line' id='line_1_16' title="bbox 473 1239 2387 1286; baseline -0.001 -10"><span class='ocrx_word' id='word_1_182' title='bbox 473 1245 507 1276; x_wconf 90' lang='lat' dir='ltr'>et</span> <span class='ocrx_word' id='word_1_183' title='bbox 532 1245 687 1285; x_wconf 91' lang='lat' dir='ltr'>quatuor,</span> <span class='ocrx_word' id='word_1_184' title='bbox 713 1243 863 1285; x_wconf 90' lang='lat' dir='ltr'>positum</span> <span class='ocrx_word' id='word_1_185' title='bbox 889 1244 922 1276; x_wconf 93' lang='lat' dir='ltr'>in</span> <span class='ocrx_word' id='word_1_186' title='bbox 949 1242 1056 1286; x_wconf 86' lang='lat' dir='ltr'>Papia</span> <span class='ocrx_word' id='word_1_187' title='bbox 1081 1243 1114 1276; x_wconf 93' lang='lat' dir='ltr'>in</span> <span class='ocrx_word' id='word_1_188' title='bbox 1139 1245 1237 1286; x_wconf 90' lang='lat' dir='ltr'>porta</span> <span class='ocrx_word' id='word_1_189' title='bbox 1254 1243 1424 1276; x_wconf 91' lang='lat' dir='ltr'>Laudensi</span> <span class='ocrx_word' id='word_1_190' title='bbox 1450 1243 1483 1275; x_wconf 93' lang='lat' dir='ltr'>in</span> <span class='ocrx_word' id='word_1_191' title='bbox 1508 1242 1671 1284; x_wconf 90' lang='lat' dir='ltr'>parochia</span> <span class='ocrx_word' id='word_1_192' title='bbox 1684 1240 1799 1275; x_wconf 90' lang='lat' dir='ltr'>Sancti</span> <span class='ocrx_word' id='word_1_193' title='bbox 1825 1240 1902 1275; x_wconf 92' lang='lat' dir='ltr'>Viti.</span> <span class='ocrx_word' id='word_1_194' title='bbox 1927 1239 1992 1275; x_wconf 87' lang='lat' dir='ltr'>Cui</span> <span class='ocrx_word' id='word_1_195' title='bbox 2017 1241 2156 1275; x_wconf 87' lang='lat' dir='ltr'>coheret</span> <span class='ocrx_word' id='word_1_196' title='bbox 2171 1249 2192 1274; x_wconf 90' lang='lat' dir='ltr'>a</span> <span class='ocrx_word' id='word_1_197' title='bbox 2207 1249 2313 1279; x_wconf 73' lang='lat' dir='ltr'>mane</span> <span class='ocrx_word' id='word_1_198' title='bbox 2343 1250 2346 1252; x_wconf 86' lang='grc'><em>·</em></span> <span class='ocrx_word' id='word_1_199' title='bbox 2366 1244 2387 1272; x_wconf 60' lang='grc' dir='ltr'>ἲ.</span> 
     </span>
     <span class='ocr_line' id='line_1_17' title="bbox 475 1297 2391 1348; baseline -0.001 -10"><span class='ocrx_word' id='word_1_200' title='bbox 475 1306 541 1345; x_wconf 91' lang='lat' dir='ltr'>via,</span> <span class='ocrx_word' id='word_1_201' title='bbox 566 1315 586 1338; x_wconf 94' lang='lat' dir='ltr'>a</span> <span class='ocrx_word' id='word_1_202' title='bbox 611 1306 750 1339; x_wconf 89' lang='lat' dir='ltr'>meridie</span> <span class='ocrx_word' id='word_1_203' title='bbox 787 1306 820 1338; x_wconf 92' lang='lat' dir='ltr'>in</span> <span class='ocrx_word' id='word_1_204' title='bbox 857 1308 952 1348; x_wconf 90' lang='lat' dir='ltr'>parte</span> <span class='ocrx_word' id='word_1_205' title='bbox 988 1306 1069 1339; x_wconf 92' lang='lat' dir='ltr'>dicti</span> <span class='ocrx_word' id='word_1_206' title='bbox 1106 1305 1240 1339; x_wconf 86' lang='lat' dir='ltr'>Fratres</span> <span class='ocrx_word' id='word_1_207' title='bbox 1275 1304 1416 1338; x_wconf 90' lang='lat' dir='ltr'>Ordinis</span> <span class='ocrx_word' id='word_1_208' title='bbox 1453 1304 1711 1344; x_wconf 87' lang='lat' dir='ltr'>Heremitarum,</span> <span class='ocrx_word' id='word_1_209' title='bbox 1746 1313 1767 1337; x_wconf 91' lang='lat' dir='ltr'>a</span> <span class='ocrx_word' id='word_1_210' title='bbox 1801 1312 1880 1338; x_wconf 89' lang='lat' dir='ltr'>sero</span> <span class='ocrx_word' id='word_1_211' title='bbox 1912 1303 2040 1337; x_wconf 90' lang='lat' dir='ltr'>dictum</span> <span class='ocrx_word' id='word_1_212' title='bbox 2065 1302 2326 1337; x_wconf 55' lang='lat' dir='ltr'>monasterium&lt;</span> <span class='ocrx_word' id='word_1_213' title='bbox 2359 1297 2391 1343; x_wconf 62' lang='lat' dir='ltr'>‘fs</span> 
     </span>
     <span class='ocr_line' id='line_1_18' title="bbox 474 1357 2366 1410; baseline 0 -9"><span class='ocrx_word' id='word_1_214' title='bbox 474 1366 589 1401; x_wconf 91' lang='lat' dir='ltr'>Sancti</span> <span class='ocrx_word' id='word_1_215' title='bbox 616 1367 717 1408; x_wconf 85' lang='lat' dir='ltr'>Petri,</span> <span class='ocrx_word' id='word_1_216' title='bbox 742 1370 775 1401; x_wconf 92' lang='lat' dir='ltr'>et</span> <span class='ocrx_word' id='word_1_217' title='bbox 799 1377 819 1401; x_wconf 91' lang='lat' dir='ltr'>a</span> <span class='ocrx_word' id='word_1_218' title='bbox 843 1368 936 1401; x_wconf 88' lang='lat' dir='ltr'>nulla</span> <span class='ocrx_word' id='word_1_219' title='bbox 961 1368 1044 1401; x_wconf 88' lang='lat' dir='ltr'>hora</span> <span class='ocrx_word' id='word_1_220' title='bbox 1068 1366 1161 1408; x_wconf 92' lang='lat' dir='ltr'>Sisti,</span> <span class='ocrx_word' id='word_1_221' title='bbox 1186 1368 1260 1401; x_wconf 92' lang='lat' dir='ltr'>sive</span> <span class='ocrx_word' id='word_1_222' title='bbox 1285 1367 1364 1410; x_wconf 91' lang='lat' dir='ltr'>plus</span> <span class='ocrx_word' id='word_1_223' title='bbox 1388 1367 1443 1400; x_wconf 93' lang='lat' dir='ltr'>vel</span> <span class='ocrx_word' id='word_1_224' title='bbox 1468 1367 1580 1400; x_wconf 90' lang='lat' dir='ltr'>minus</span> <span class='ocrx_word' id='word_1_225' title='bbox 1604 1367 1659 1406; x_wconf 91' lang='lat' dir='ltr'>sit,</span> <span class='ocrx_word' id='word_1_226' title='bbox 1683 1366 1758 1400; x_wconf 90' lang='lat' dir='ltr'>sive</span> <span class='ocrx_word' id='word_1_227' title='bbox 1783 1366 1830 1399; x_wconf 90' lang='lat' dir='ltr'>ibi</span> <span class='ocrx_word' id='word_1_228' title='bbox 1854 1365 1920 1400; x_wconf 90' lang='lat' dir='ltr'>alie</span> <span class='ocrx_word' id='word_1_229' title='bbox 1944 1366 2012 1399; x_wconf 93' lang='lat' dir='ltr'>sint</span> <span class='ocrx_word' id='word_1_230' title='bbox 2035 1365 2248 1399; x_wconf 86' lang='lat' dir='ltr'>coherencie.</span> <span class='ocrx_word' id='word_1_231' title='bbox 2265 1361 2315 1402; x_wconf 63' lang='lat' dir='ltr'>Et,</span> <span class='ocrx_word' id='word_1_232' title='bbox 2357 1357 2366 1365; x_wconf 47' lang='lat'><strong>⁴</strong></span> 
     </span>
     <span class='ocr_line' id='line_1_19' title="bbox 474 1427 2307 1472; baseline -0.001 -9"><span class='ocrx_word' id='word_1_233' title='bbox 474 1439 519 1463; x_wconf 88' lang='lat' dir='ltr'>ex</span> <span class='ocrx_word' id='word_1_234' title='bbox 544 1439 649 1463; x_wconf 89' lang='lat' dir='ltr'>causa</span> <span class='ocrx_word' id='word_1_235' title='bbox 674 1431 775 1463; x_wconf 92' lang='lat' dir='ltr'>huius</span> <span class='ocrx_word' id='word_1_236' title='bbox 800 1431 970 1472; x_wconf 90' lang='lat' dir='ltr'>presentis</span> <span class='ocrx_word' id='word_1_237' title='bbox 995 1431 1211 1464; x_wconf 90' lang='lat' dir='ltr'>vendicionis</span> <span class='ocrx_word' id='word_1_238' title='bbox 1234 1430 1315 1464; x_wconf 93' lang='lat' dir='ltr'>dicti</span> <span class='ocrx_word' id='word_1_239' title='bbox 1341 1430 1468 1463; x_wconf 90' lang='lat' dir='ltr'>domini</span> <span class='ocrx_word' id='word_1_240' title='bbox 1494 1428 1613 1462; x_wconf 89' lang='lat' dir='ltr'>Abbas</span> <span class='ocrx_word' id='word_1_241' title='bbox 1637 1431 1670 1462; x_wconf 90' lang='lat' dir='ltr'>et</span> <span class='ocrx_word' id='word_1_242' title='bbox 1694 1428 1828 1463; x_wconf 87' lang='lat' dir='ltr'>Fratres</span> <span class='ocrx_word' id='word_1_243' title='bbox 1852 1429 1988 1462; x_wconf 92' lang='lat' dir='ltr'>nomine</span> <span class='ocrx_word' id='word_1_244' title='bbox 2012 1428 2094 1462; x_wconf 87' lang='lat' dir='ltr'>dicti</span> <span class='ocrx_word' id='word_1_245' title='bbox 2110 1427 2307 1462; x_wconf 73' lang='lat' dir='ltr'>monasterii</span> 
     </span>
     <span class='ocr_line' id='line_1_20' title="bbox 477 1489 2314 1534; baseline -0.001 -9"><span class='ocrx_word' id='word_1_246' title='bbox 477 1494 655 1525; x_wconf 90' lang='lat' dir='ltr'>cesserunt</span> <span class='ocrx_word' id='word_1_247' title='bbox 679 1495 712 1526; x_wconf 90' lang='lat' dir='ltr'>et</span> <span class='ocrx_word' id='word_1_248' title='bbox 736 1493 851 1526; x_wconf 91' lang='lat' dir='ltr'>datum</span> <span class='ocrx_word' id='word_1_249' title='bbox 877 1493 960 1526; x_wconf 92' lang='lat' dir='ltr'>iuris</span> <span class='ocrx_word' id='word_1_250' title='bbox 983 1493 1136 1526; x_wconf 81' lang='lat' dir='ltr'>fecerunt</span> <span class='ocrx_word' id='word_1_251' title='bbox 1159 1493 1252 1526; x_wconf 88' lang='lat' dir='ltr'>dicto</span> <span class='ocrx_word' id='word_1_252' title='bbox 1277 1492 1381 1525; x_wconf 90' lang='lat' dir='ltr'>Fratri</span> <span class='ocrx_word' id='word_1_253' title='bbox 1406 1491 1600 1534; x_wconf 84' lang='lat' dir='ltr'>Augustino</span> <span class='ocrx_word' id='word_1_254' title='bbox 1635 1491 1771 1524; x_wconf 88' lang='lat' dir='ltr'>nomine</span> <span class='ocrx_word' id='word_1_255' title='bbox 1806 1500 1876 1533; x_wconf 90' lang='lat' dir='ltr'>quo</span> <span class='ocrx_word' id='word_1_256' title='bbox 1910 1499 2016 1533; x_wconf 90' lang='lat' dir='ltr'>supra</span> <span class='ocrx_word' id='word_1_257' title='bbox 2050 1489 2228 1533; x_wconf 77' lang='lat' dir='ltr'>recipienti</span> <span class='ocrx_word' id='word_1_258' title='bbox 2260 1489 2314 1524; x_wconf 70' lang='lat' dir='ltr'>de</span> 
     </span>
     <span class='ocr_line' id='line_1_21' title="bbox 481 1552 2314 1597; baseline -0.001 -10"><span class='ocrx_word' id='word_1_259' title='bbox 481 1555 572 1587; x_wconf 92' lang='lat' dir='ltr'>omni</span> <span class='ocrx_word' id='word_1_260' title='bbox 599 1555 669 1588; x_wconf 91' lang='lat' dir='ltr'>iure</span> <span class='ocrx_word' id='word_1_261' title='bbox 694 1557 727 1588; x_wconf 91' lang='lat' dir='ltr'>et</span> <span class='ocrx_word' id='word_1_262' title='bbox 751 1556 884 1588; x_wconf 90' lang='lat' dir='ltr'>actione</span> <span class='ocrx_word' id='word_1_263' title='bbox 910 1555 990 1589; x_wconf 90' lang='lat' dir='ltr'>reali</span> <span class='ocrx_word' id='word_1_264' title='bbox 1015 1557 1048 1588; x_wconf 90' lang='lat' dir='ltr'>et</span> <span class='ocrx_word' id='word_1_265' title='bbox 1073 1555 1256 1597; x_wconf 90' lang='lat' dir='ltr'>personali,</span> <span class='ocrx_word' id='word_1_266' title='bbox 1281 1554 1364 1595; x_wconf 89' lang='lat' dir='ltr'>utili,</span> <span class='ocrx_word' id='word_1_267' title='bbox 1389 1554 1519 1587; x_wconf 89' lang='lat' dir='ltr'>directo</span> <span class='ocrx_word' id='word_1_268' title='bbox 1542 1555 1576 1588; x_wconf 91' lang='lat' dir='ltr'>et</span> <span class='ocrx_word' id='word_1_269' title='bbox 1599 1554 1738 1594; x_wconf 90' lang='lat' dir='ltr'>directa,</span> <span class='ocrx_word' id='word_1_270' title='bbox 1763 1553 1856 1596; x_wconf 92' lang='lat' dir='ltr'>quod</span> <span class='ocrx_word' id='word_1_271' title='bbox 1880 1555 1914 1587; x_wconf 91' lang='lat' dir='ltr'>et</span> <span class='ocrx_word' id='word_1_272' title='bbox 1937 1562 2005 1595; x_wconf 90' lang='lat' dir='ltr'>que</span> <span class='ocrx_word' id='word_1_273' title='bbox 2028 1553 2111 1587; x_wconf 90' lang='lat' dir='ltr'>dicti</span> <span class='ocrx_word' id='word_1_274' title='bbox 2145 1552 2314 1591; x_wconf 60' lang='lat' dir='ltr'>dominus&gt;</span> 
     </span>
     <span class='ocr_line' id='line_1_22' title="bbox 478 1614 2309 1659; baseline -0.001 -9"><span class='ocrx_word' id='word_1_275' title='bbox 478 1616 598 1650; x_wconf 90' lang='lat' dir='ltr'>Abbas</span> <span class='ocrx_word' id='word_1_276' title='bbox 623 1619 655 1650; x_wconf 93' lang='lat' dir='ltr'>et</span> <span class='ocrx_word' id='word_1_277' title='bbox 680 1617 813 1651; x_wconf 91' lang='lat' dir='ltr'>Fratres</span> <span class='ocrx_word' id='word_1_278' title='bbox 838 1618 973 1651; x_wconf 93' lang='lat' dir='ltr'>nomine</span> <span class='ocrx_word' id='word_1_279' title='bbox 998 1618 1079 1651; x_wconf 93' lang='lat' dir='ltr'>dicti</span> <span class='ocrx_word' id='word_1_280' title='bbox 1104 1617 1299 1650; x_wconf 90' lang='lat' dir='ltr'>monasterii</span> <span class='ocrx_word' id='word_1_281' title='bbox 1325 1619 1357 1650; x_wconf 92' lang='lat' dir='ltr'>et</span> <span class='ocrx_word' id='word_1_282' title='bbox 1381 1617 1494 1659; x_wconf 88' lang='lat' dir='ltr'>ipsum</span> <span class='ocrx_word' id='word_1_283' title='bbox 1519 1616 1761 1650; x_wconf 89' lang='lat' dir='ltr'>monasterium</span> <span class='ocrx_word' id='word_1_284' title='bbox 1797 1616 1970 1649; x_wconf 88' lang='lat' dir='ltr'>habebant</span> <span class='ocrx_word' id='word_1_285' title='bbox 1992 1617 2027 1649; x_wconf 90' lang='lat' dir='ltr'>et</span> <span class='ocrx_word' id='word_1_286' title='bbox 2050 1615 2176 1648; x_wconf 85' lang='lat' dir='ltr'>habere</span> <span class='ocrx_word' id='word_1_287' title='bbox 2210 1614 2309 1649; x_wconf 77' lang='lat' dir='ltr'>vide-</span> 
     </span>
     <span class='ocr_line' id='line_1_23' title="bbox 479 1673 2395 1725; baseline 0.001 -13"><span class='ocrx_word' id='word_1_288' title='bbox 479 1680 601 1713; x_wconf 88' lang='lat' dir='ltr'>bantur</span> <span class='ocrx_word' id='word_1_289' title='bbox 624 1682 657 1713; x_wconf 92' lang='lat' dir='ltr'>et</span> <span class='ocrx_word' id='word_1_290' title='bbox 681 1681 724 1713; x_wconf 92' lang='lat' dir='ltr'>ad</span> <span class='ocrx_word' id='word_1_291' title='bbox 749 1689 810 1713; x_wconf 90' lang='lat' dir='ltr'>eos</span> <span class='ocrx_word' id='word_1_292' title='bbox 827 1681 919 1714; x_wconf 92' lang='lat' dir='ltr'>dicto</span> <span class='ocrx_word' id='word_1_293' title='bbox 933 1681 1068 1713; x_wconf 91' lang='lat' dir='ltr'>nomine</span> <span class='ocrx_word' id='word_1_294' title='bbox 1093 1682 1126 1713; x_wconf 92' lang='lat' dir='ltr'>et</span> <span class='ocrx_word' id='word_1_295' title='bbox 1150 1680 1194 1713; x_wconf 90' lang='lat' dir='ltr'>ad</span> <span class='ocrx_word' id='word_1_296' title='bbox 1219 1680 1332 1722; x_wconf 93' lang='lat' dir='ltr'>ipsum</span> <span class='ocrx_word' id='word_1_297' title='bbox 1346 1679 1588 1713; x_wconf 88' lang='lat' dir='ltr'>monasterium</span> <span class='ocrx_word' id='word_1_298' title='bbox 1602 1678 1805 1721; x_wconf 88' lang='lat' dir='ltr'>spectabant</span> <span class='ocrx_word' id='word_1_299' title='bbox 1817 1680 1851 1712; x_wconf 93' lang='lat' dir='ltr'>et</span> <span class='ocrx_word' id='word_1_300' title='bbox 1863 1677 2088 1720; x_wconf 87' lang='lat' dir='ltr'>pertinebant,</span> <span class='ocrx_word' id='word_1_301' title='bbox 2100 1679 2135 1711; x_wconf 92' lang='lat' dir='ltr'>et</span> <span class='ocrx_word' id='word_1_302' title='bbox 2149 1673 2318 1720; x_wconf 74' lang='lat' dir='ltr'>spectare-</span> <span class='ocrx_word' id='word_1_303' title='bbox 2356 1693 2395 1725; x_wconf 67' lang='lat'>3.</span> 
     </span>
     <span class='ocr_line' id='line_1_24' title="bbox 476 1739 2307 1784; baseline 0 -9"><span class='ocrx_word' id='word_1_304' title='bbox 476 1744 509 1775; x_wconf 91' lang='lat' dir='ltr'>et</span> <span class='ocrx_word' id='word_1_305' title='bbox 533 1743 701 1784; x_wconf 88' lang='lat' dir='ltr'>pertinere</span> <span class='ocrx_word' id='word_1_306' title='bbox 726 1744 882 1784; x_wconf 91' lang='lat' dir='ltr'>poterant</span> <span class='ocrx_word' id='word_1_307' title='bbox 906 1745 939 1775; x_wconf 92' lang='lat' dir='ltr'>et</span> <span class='ocrx_word' id='word_1_308' title='bbox 963 1744 1106 1784; x_wconf 90' lang='lat' dir='ltr'>possent</span> <span class='ocrx_word' id='word_1_309' title='bbox 1119 1742 1222 1775; x_wconf 91' lang='lat' dir='ltr'>modo</span> <span class='ocrx_word' id='word_1_310' title='bbox 1235 1741 1362 1784; x_wconf 92' lang='lat' dir='ltr'>aliquo,</span> <span class='ocrx_word' id='word_1_311' title='bbox 1375 1741 1558 1776; x_wconf 90' lang='lat' dir='ltr'>occasione</span> <span class='ocrx_word' id='word_1_312' title='bbox 1573 1741 1627 1774; x_wconf 89' lang='lat' dir='ltr'>vel</span> <span class='ocrx_word' id='word_1_313' title='bbox 1645 1741 1716 1774; x_wconf 90' lang='lat' dir='ltr'>iure</span> <span class='ocrx_word' id='word_1_314' title='bbox 1733 1741 1766 1773; x_wconf 92' lang='lat' dir='ltr'>in</span> <span class='ocrx_word' id='word_1_315' title='bbox 1783 1740 1938 1783; x_wconf 91' lang='lat' dir='ltr'>predicto</span> <span class='ocrx_word' id='word_1_316' title='bbox 1955 1739 2122 1774; x_wconf 88' lang='lat' dir='ltr'>sedimine</span> <span class='ocrx_word' id='word_1_317' title='bbox 2146 1739 2307 1782; x_wconf 74' lang='lat' dir='ltr'>superius</span> 
     </span>
    </p>

    <p class='ocr_par' dir='ltr' id='par_1_6' title="bbox 2381 1796 2394 1811">
     <span class='ocr_line' id='line_1_25' title="bbox 2381 1796 2394 1811; baseline 0 0"><span class='ocrx_word' id='word_1_318' title='bbox 2381 1796 2394 1811; x_wconf 37' lang='grc' dir='ltr'><em>κ</em></span> 
     </span>
    </p>
   </div>
   <div class='ocr_carea' id='block_1_6' title="bbox 477 1801 2308 1844">
    <p class='ocr_par' dir='ltr' id='par_1_7' title="bbox 477 1801 2308 1844">
     <span class='ocr_line' id='line_1_26' title="bbox 477 1801 2308 1844; baseline -0.001 -7"><span class='ocrx_word' id='word_1_319' title='bbox 477 1805 634 1837; x_wconf 88' lang='lat' dir='ltr'>vendito:</span> <span class='ocrx_word' id='word_1_320' title='bbox 659 1806 692 1838; x_wconf 93' lang='lat' dir='ltr'>et</span> <span class='ocrx_word' id='word_1_321' title='bbox 716 1813 858 1841; x_wconf 86' lang='lat' dir='ltr'>verssus</span> <span class='ocrx_word' id='word_1_322' title='bbox 883 1804 1052 1838; x_wconf 91' lang='lat' dir='ltr'>Villanum</span> <span class='ocrx_word' id='word_1_323' title='bbox 1078 1804 1277 1838; x_wconf 88' lang='lat' dir='ltr'>Fumarium</span> <span class='ocrx_word' id='word_1_324' title='bbox 1301 1806 1334 1837; x_wconf 93' lang='lat' dir='ltr'>et</span> <span class='ocrx_word' id='word_1_325' title='bbox 1358 1803 1543 1837; x_wconf 90' lang='lat' dir='ltr'>Antonium</span> <span class='ocrx_word' id='word_1_326' title='bbox 1579 1804 1654 1837; x_wconf 91' lang='lat' dir='ltr'>eius</span> <span class='ocrx_word' id='word_1_327' title='bbox 1689 1802 1807 1843; x_wconf 83' lang='lat' dir='ltr'>tilium,</span> <span class='ocrx_word' id='word_1_328' title='bbox 1831 1804 1864 1836; x_wconf 91' lang='lat' dir='ltr'>et</span> <span class='ocrx_word' id='word_1_329' title='bbox 1888 1811 2011 1836; x_wconf 90' lang='lat' dir='ltr'>versus</span> <span class='ocrx_word' id='word_1_330' title='bbox 2046 1801 2232 1844; x_wconf 90' lang='lat' dir='ltr'>quemlibet</span> <span class='ocrx_word' id='word_1_331' title='bbox 2255 1801 2308 1844; x_wconf 87' lang='lat' dir='ltr'>ip-</span> 
     </span>
    </p>
   </div>
   <div class='ocr_carea' id='block_1_7' title="bbox 444 1862 2406 2097">
    <p class='ocr_par' dir='ltr' id='par_1_8' title="bbox 444 1854 2406 2097">
     <span class='ocr_line' id='line_1_27' title="bbox 476 1862 2391 1909; baseline -0.002 -9"><span class='ocrx_word' id='word_1_332' title='bbox 476 1876 591 1900; x_wconf 89' lang='lat' dir='ltr'>sorum</span> <span class='ocrx_word' id='word_1_333' title='bbox 617 1867 650 1899; x_wconf 92' lang='lat' dir='ltr'>in</span> <span class='ocrx_word' id='word_1_334' title='bbox 675 1867 835 1907; x_wconf 90' lang='lat' dir='ltr'>solidum,</span> <span class='ocrx_word' id='word_1_335' title='bbox 861 1867 918 1909; x_wconf 91' lang='lat' dir='ltr'>qui</span> <span class='ocrx_word' id='word_1_336' title='bbox 945 1867 1073 1900; x_wconf 92' lang='lat' dir='ltr'>dictum</span> <span class='ocrx_word' id='word_1_337' title='bbox 1098 1867 1253 1900; x_wconf 89' lang='lat' dir='ltr'>sedimen</span> <span class='ocrx_word' id='word_1_338' title='bbox 1278 1867 1370 1899; x_wconf 93' lang='lat' dir='ltr'>dicto</span> <span class='ocrx_word' id='word_1_339' title='bbox 1395 1866 1535 1899; x_wconf 93' lang='lat' dir='ltr'>domino</span> <span class='ocrx_word' id='word_1_340' title='bbox 1559 1865 1686 1899; x_wconf 89' lang='lat' dir='ltr'>Abbati</span> <span class='ocrx_word' id='word_1_341' title='bbox 1711 1865 1846 1898; x_wconf 90' lang='lat' dir='ltr'>nomine</span> <span class='ocrx_word' id='word_1_342' title='bbox 1870 1865 1952 1898; x_wconf 91' lang='lat' dir='ltr'>dicti</span> <span class='ocrx_word' id='word_1_343' title='bbox 1977 1863 2173 1898; x_wconf 87' lang='lat' dir='ltr'>monasterii</span> <span class='ocrx_word' id='word_1_344' title='bbox 2186 1863 2308 1897; x_wconf 82' lang='lat' dir='ltr'>vendi-</span> <span class='ocrx_word' id='word_1_345' title='bbox 2384 1862 2391 1875; x_wconf 56' lang='lat'>&#39;¹</span> 
     </span>
     <span class='ocr_line' id='line_1_28' title="bbox 477 1926 2309 1972; baseline -0.002 -10"><span class='ocrx_word' id='word_1_346' title='bbox 477 1929 599 1962; x_wconf 89' lang='lat' dir='ltr'>derunt</span> <span class='ocrx_word' id='word_1_347' title='bbox 623 1931 656 1963; x_wconf 91' lang='lat' dir='ltr'>et</span> <span class='ocrx_word' id='word_1_348' title='bbox 679 1929 925 1970; x_wconf 90' lang='lat' dir='ltr'>traddiderunt,</span> <span class='ocrx_word' id='word_1_349' title='bbox 951 1932 1051 1972; x_wconf 90' lang='lat' dir='ltr'>prout</span> <span class='ocrx_word' id='word_1_350' title='bbox 1075 1930 1108 1962; x_wconf 92' lang='lat' dir='ltr'>in</span> <span class='ocrx_word' id='word_1_351' title='bbox 1133 1931 1225 1963; x_wconf 89' lang='lat' dir='ltr'>carta</span> <span class='ocrx_word' id='word_1_352' title='bbox 1249 1929 1339 1962; x_wconf 93' lang='lat' dir='ltr'>dicte</span> <span class='ocrx_word' id='word_1_353' title='bbox 1363 1929 1578 1962; x_wconf 90' lang='lat' dir='ltr'>vendicionis</span> <span class='ocrx_word' id='word_1_354' title='bbox 1594 1928 1684 1961; x_wconf 82' lang='lat' dir='ltr'>tacta</span> <span class='ocrx_word' id='word_1_355' title='bbox 1708 1937 1770 1970; x_wconf 92' lang='lat' dir='ltr'>per</span> <span class='ocrx_word' id='word_1_356' title='bbox 1793 1936 1846 1960; x_wconf 90' lang='lat' dir='ltr'>me</span> <span class='ocrx_word' id='word_1_357' title='bbox 1871 1926 2123 1970; x_wconf 78' lang='lat' dir='ltr'>infrascriptum</span> <span class='ocrx_word' id='word_1_358' title='bbox 2139 1926 2309 1960; x_wconf 79' lang='lat' dir='ltr'>notarium</span> 
     </span>
     <span class='ocr_line' id='line_1_29' title="bbox 444 1978 2402 2035; baseline -0.001 -11"><span class='ocrx_word' id='word_1_359' title='bbox 444 2010 447 2011; x_wconf 31' lang='grc' dir='ltr'><em>ν</em></span> <span class='ocrx_word' id='word_1_360' title='bbox 477 1992 658 2025; x_wconf 89' lang='lat' dir='ltr'>millesimo</span> <span class='ocrx_word' id='word_1_361' title='bbox 681 1993 912 2026; x_wconf 90' lang='lat' dir='ltr'>tricentesimo</span> <span class='ocrx_word' id='word_1_362' title='bbox 936 1993 1112 2035; x_wconf 86' lang='lat' dir='ltr'>trigesimo</span> <span class='ocrx_word' id='word_1_363' title='bbox 1137 1994 1246 2032; x_wconf 82' lang='lat' dir='ltr'>sexto,</span> <span class='ocrx_word' id='word_1_364' title='bbox 1274 1991 1446 2025; x_wconf 88' lang='lat' dir='ltr'>Indicione</span> <span class='ocrx_word' id='word_1_365' title='bbox 1471 1991 1601 2034; x_wconf 90' lang='lat' dir='ltr'>quinta,</span> <span class='ocrx_word' id='word_1_366' title='bbox 1624 1991 1680 2024; x_wconf 92' lang='lat' dir='ltr'>die</span> <span class='ocrx_word' id='word_1_367' title='bbox 1705 1990 1841 2023; x_wconf 91' lang='lat' dir='ltr'>veneris</span> <span class='ocrx_word' id='word_1_368' title='bbox 1854 1991 1954 2023; x_wconf 89' lang='lat' dir='ltr'>sexto</span> <span class='ocrx_word' id='word_1_369' title='bbox 1971 1989 2100 2023; x_wconf 92' lang='lat' dir='ltr'>mensis</span> <span class='ocrx_word' id='word_1_370' title='bbox 2113 1988 2308 2023; x_wconf 72' lang='lat' dir='ltr'>decembris</span> <span class='ocrx_word' id='word_1_371' title='bbox 2372 1978 2402 2021; x_wconf 81' lang='lat' dir='ltr'>f&#39;</span> 
     </span>
     <span class='ocr_line' id='line_1_30' title="bbox 477 2051 2406 2097; baseline -0.003 -9"><span class='ocrx_word' id='word_1_372' title='bbox 477 2055 613 2097; x_wconf 86' lang='lat' dir='ltr'>plenius</span> <span class='ocrx_word' id='word_1_373' title='bbox 637 2055 838 2095; x_wconf 90' lang='lat' dir='ltr'>continetur,</span> <span class='ocrx_word' id='word_1_374' title='bbox 863 2056 999 2088; x_wconf 92' lang='lat' dir='ltr'>nomine</span> <span class='ocrx_word' id='word_1_375' title='bbox 1025 2057 1058 2088; x_wconf 91' lang='lat' dir='ltr'>et</span> <span class='ocrx_word' id='word_1_376' title='bbox 1082 2055 1265 2088; x_wconf 91' lang='lat' dir='ltr'>occasione</span> <span class='ocrx_word' id='word_1_377' title='bbox 1289 2055 1439 2087; x_wconf 91' lang='lat' dir='ltr'>omnium</span> <span class='ocrx_word' id='word_1_378' title='bbox 1463 2056 1497 2087; x_wconf 90' lang='lat' dir='ltr'>et</span> <span class='ocrx_word' id='word_1_379' title='bbox 1520 2053 1732 2096; x_wconf 90' lang='lat' dir='ltr'>singulorum</span> <span class='ocrx_word' id='word_1_380' title='bbox 1745 2052 2022 2095; x_wconf 89' lang='lat' dir='ltr'>promissionum,</span> <span class='ocrx_word' id='word_1_381' title='bbox 2039 2051 2307 2092; x_wconf 79' lang='lat' dir='ltr'>confessionum,</span> <span class='ocrx_word' id='word_1_382' title='bbox 2371 2054 2406 2094; x_wconf 52' lang='lat' dir='ltr'>ft„</span> 
     </span>
    </p>
   </div>
   <div class='ocr_carea' id='block_1_8' title="bbox 477 2098 2375 2160">
    <p class='ocr_par' dir='ltr' id='par_1_9' title="bbox 477 2098 2375 2160">
     <span class='ocr_line' id='line_1_31' title="bbox 477 2098 2375 2160; baseline -0.002 -10"><span class='ocrx_word' id='word_1_383' title='bbox 477 2117 767 2160; x_wconf 89' lang='lat' dir='ltr'>obbligacionum,</span> <span class='ocrx_word' id='word_1_384' title='bbox 781 2120 958 2159; x_wconf 90' lang='lat' dir='ltr'>pactorum</span> <span class='ocrx_word' id='word_1_385' title='bbox 983 2119 1016 2150; x_wconf 95' lang='lat' dir='ltr'>et</span> <span class='ocrx_word' id='word_1_386' title='bbox 1041 2118 1214 2150; x_wconf 92' lang='lat' dir='ltr'>racionum</span> <span class='ocrx_word' id='word_1_387' title='bbox 1232 2117 1265 2149; x_wconf 94' lang='lat' dir='ltr'>in</span> <span class='ocrx_word' id='word_1_388' title='bbox 1283 2117 1375 2150; x_wconf 92' lang='lat' dir='ltr'>dicto</span> <span class='ocrx_word' id='word_1_389' title='bbox 1388 2116 1614 2150; x_wconf 82' lang='lat' dir='ltr'>Instrumento</span> <span class='ocrx_word' id='word_1_390' title='bbox 1630 2117 1876 2154; x_wconf 89' lang='lat' dir='ltr'>contentarum,</span> <span class='ocrx_word' id='word_1_391' title='bbox 1892 2116 1926 2148; x_wconf 92' lang='lat' dir='ltr'>et</span> <span class='ocrx_word' id='word_1_392' title='bbox 1941 2114 2054 2147; x_wconf 89' lang='lat' dir='ltr'>tocius</span> <span class='ocrx_word' id='word_1_393' title='bbox 2070 2114 2146 2147; x_wconf 89' lang='lat' dir='ltr'>eius</span> <span class='ocrx_word' id='word_1_394' title='bbox 2161 2113 2256 2156; x_wconf 90' lang='lat' dir='ltr'>quod</span> <span class='ocrx_word' id='word_1_395' title='bbox 2271 2113 2307 2147; x_wconf 88' lang='lat' dir='ltr'>in</span> <span class='ocrx_word' id='word_1_396' title='bbox 2366 2098 2375 2118; x_wconf 56' lang='grc' dir='ltr'>ζ’</span> 
     </span>
    </p>
   </div>
   <div class='ocr_carea' id='block_1_9' title="bbox 478 2175 2390 2221">
    <p class='ocr_par' dir='ltr' id='par_1_10' title="bbox 478 2175 2390 2221">
     <span class='ocr_line' id='line_1_32' title="bbox 478 2175 2390 2221; baseline -0.003 -9"><span class='ocrx_word' id='word_1_397' title='bbox 478 2180 555 2221; x_wconf 90' lang='lat' dir='ltr'>ipso</span> <span class='ocrx_word' id='word_1_398' title='bbox 580 2180 803 2212; x_wconf 89' lang='lat' dir='ltr'>instrumento</span> <span class='ocrx_word' id='word_1_399' title='bbox 828 2180 1035 2212; x_wconf 89' lang='lat' dir='ltr'>continetur:</span> <span class='ocrx_word' id='word_1_400' title='bbox 1051 2179 1091 2212; x_wconf 89' lang='lat' dir='ltr'>Et</span> <span class='ocrx_word' id='word_1_401' title='bbox 1108 2188 1250 2212; x_wconf 90' lang='lat' dir='ltr'>verssus</span> <span class='ocrx_word' id='word_1_402' title='bbox 1275 2187 1512 2221; x_wconf 91' lang='lat' dir='ltr'>quascumque</span> <span class='ocrx_word' id='word_1_403' title='bbox 1529 2178 1615 2211; x_wconf 90' lang='lat' dir='ltr'>alias</span> <span class='ocrx_word' id='word_1_404' title='bbox 1631 2185 1809 2220; x_wconf 90' lang='lat' dir='ltr'>personas,</span> <span class='ocrx_word' id='word_1_405' title='bbox 1826 2185 1892 2216; x_wconf 88' lang='lat' dir='ltr'>res,</span> <span class='ocrx_word' id='word_1_406' title='bbox 1909 2178 1942 2209; x_wconf 92' lang='lat' dir='ltr'>et</span> <span class='ocrx_word' id='word_1_407' title='bbox 1958 2176 2048 2209; x_wconf 90' lang='lat' dir='ltr'>bona</span> <span class='ocrx_word' id='word_1_408' title='bbox 2065 2185 2128 2218; x_wconf 92' lang='lat' dir='ltr'>pro</span> <span class='ocrx_word' id='word_1_409' title='bbox 2144 2175 2308 2218; x_wconf 77' lang='lat' dir='ltr'>predictis</span> <span class='ocrx_word' id='word_1_410' title='bbox 2374 2189 2390 2206; x_wconf 75' lang='lat' dir='ltr'>t·</span> 
     </span>
    </p>
   </div>
   <div class='ocr_carea' id='block_1_10' title="bbox 479 2237 2391 2291">
    <p class='ocr_par' dir='ltr' id='par_1_11' title="bbox 479 2237 2391 2291">
     <span class='ocr_line' id='line_1_33' title="bbox 479 2237 2391 2291; baseline -0.002 -16"><span class='ocrx_word' id='word_1_411' title='bbox 479 2242 668 2275; x_wconf 91' lang='lat' dir='ltr'>occaxione</span> <span class='ocrx_word' id='word_1_412' title='bbox 693 2250 920 2283; x_wconf 88' lang='lat' dir='ltr'>quacumque.</span> <span class='ocrx_word' id='word_1_413' title='bbox 946 2241 987 2274; x_wconf 89' lang='lat' dir='ltr'>Et</span> <span class='ocrx_word' id='word_1_414' title='bbox 1012 2241 1090 2274; x_wconf 89' lang='lat' dir='ltr'>inde</span> <span class='ocrx_word' id='word_1_415' title='bbox 1114 2241 1195 2274; x_wconf 93' lang='lat' dir='ltr'>dicti</span> <span class='ocrx_word' id='word_1_416' title='bbox 1221 2241 1381 2274; x_wconf 88' lang='lat' dir='ltr'>dominus</span> <span class='ocrx_word' id='word_1_417' title='bbox 1405 2240 1525 2274; x_wconf 87' lang='lat' dir='ltr'>Abbas</span> <span class='ocrx_word' id='word_1_418' title='bbox 1549 2241 1582 2273; x_wconf 92' lang='lat' dir='ltr'>et</span> <span class='ocrx_word' id='word_1_419' title='bbox 1606 2239 1740 2273; x_wconf 89' lang='lat' dir='ltr'>Fratres</span> <span class='ocrx_word' id='word_1_420' title='bbox 1753 2239 1889 2272; x_wconf 90' lang='lat' dir='ltr'>nomine</span> <span class='ocrx_word' id='word_1_421' title='bbox 1913 2238 1995 2271; x_wconf 90' lang='lat' dir='ltr'>dicti</span> <span class='ocrx_word' id='word_1_422' title='bbox 2023 2237 2232 2278; x_wconf 86' lang='lat' dir='ltr'>monasterii,</span> <span class='ocrx_word' id='word_1_423' title='bbox 2255 2237 2310 2280; x_wconf 84' lang='lat' dir='ltr'>ip-</span> <span class='ocrx_word' id='word_1_424' title='bbox 2358 2239 2391 2291; x_wconf 38' lang='lat'>5³}-</span> 
     </span>
    </p>
   </div>
   <div class='ocr_carea' id='block_1_11' title="bbox 477 2287 2389 2784">
    <p class='ocr_par' dir='ltr' id='par_1_12' title="bbox 477 2287 2394 2784">
     <span class='ocr_line' id='line_1_34' title="bbox 477 2287 2370 2346; baseline -0.002 -9"><span class='ocrx_word' id='word_1_425' title='bbox 477 2313 554 2337; x_wconf 91' lang='lat' dir='ltr'>sum</span> <span class='ocrx_word' id='word_1_426' title='bbox 579 2304 715 2337; x_wconf 85' lang='lat' dir='ltr'>fratrem</span> <span class='ocrx_word' id='word_1_427' title='bbox 741 2303 970 2346; x_wconf 88' lang='lat' dir='ltr'>Augustinum</span> <span class='ocrx_word' id='word_1_428' title='bbox 996 2304 1131 2336; x_wconf 91' lang='lat' dir='ltr'>nomine</span> <span class='ocrx_word' id='word_1_429' title='bbox 1157 2304 1237 2336; x_wconf 93' lang='lat' dir='ltr'>dicti</span> <span class='ocrx_word' id='word_1_430' title='bbox 1256 2302 1396 2336; x_wconf 91' lang='lat' dir='ltr'>Ordinis</span> <span class='ocrx_word' id='word_1_431' title='bbox 1413 2303 1446 2335; x_wconf 92' lang='lat' dir='ltr'>in</span> <span class='ocrx_word' id='word_1_432' title='bbox 1464 2311 1581 2336; x_wconf 91' lang='lat' dir='ltr'>eorum</span> <span class='ocrx_word' id='word_1_433' title='bbox 1598 2303 1631 2336; x_wconf 92' lang='lat' dir='ltr'>et</span> <span class='ocrx_word' id='word_1_434' title='bbox 1647 2294 1728 2334; x_wconf 89' lang='lat' dir='ltr'>dicti</span> <span class='ocrx_word' id='word_1_435' title='bbox 1747 2300 1942 2334; x_wconf 89' lang='lat' dir='ltr'>monasterii</span> <span class='ocrx_word' id='word_1_436' title='bbox 1964 2300 2076 2334; x_wconf 90' lang='lat' dir='ltr'>locum</span> <span class='ocrx_word' id='word_1_437' title='bbox 2100 2299 2309 2342; x_wconf 75' lang='lat' dir='ltr'>possuerunt</span> <span class='ocrx_word' id='word_1_438' title='bbox 2362 2287 2370 2334; x_wconf 46' lang='grc' dir='ltr'>ι,ἵ</span> 
     </span>
     <span class='ocr_line' id='line_1_35' title="bbox 479 2362 2309 2408; baseline -0.001 -9"><span class='ocrx_word' id='word_1_439' title='bbox 479 2367 523 2399; x_wconf 89' lang='lat' dir='ltr'>de</span> <span class='ocrx_word' id='word_1_440' title='bbox 538 2366 712 2408; x_wconf 88' lang='lat' dir='ltr'>predictis,</span> <span class='ocrx_word' id='word_1_441' title='bbox 725 2366 890 2400; x_wconf 88' lang='lat' dir='ltr'>facientes</span> <span class='ocrx_word' id='word_1_442' title='bbox 903 2367 936 2399; x_wconf 91' lang='lat' dir='ltr'>et</span> <span class='ocrx_word' id='word_1_443' title='bbox 949 2366 1196 2399; x_wconf 90' lang='lat' dir='ltr'>constituentes</span> <span class='ocrx_word' id='word_1_444' title='bbox 1209 2375 1286 2399; x_wconf 90' lang='lat' dir='ltr'>eum</span> <span class='ocrx_word' id='word_1_445' title='bbox 1303 2365 1396 2398; x_wconf 94' lang='lat' dir='ltr'>dicto</span> <span class='ocrx_word' id='word_1_446' title='bbox 1412 2365 1548 2398; x_wconf 90' lang='lat' dir='ltr'>nomine</span> <span class='ocrx_word' id='word_1_447' title='bbox 1562 2365 1605 2398; x_wconf 93' lang='lat' dir='ltr'>de</span> <span class='ocrx_word' id='word_1_448' title='bbox 1621 2364 1785 2407; x_wconf 89' lang='lat' dir='ltr'>predictis</span> <span class='ocrx_word' id='word_1_449' title='bbox 1801 2364 2054 2406; x_wconf 87' lang='lat' dir='ltr'>procuratorem</span> <span class='ocrx_word' id='word_1_450' title='bbox 2067 2362 2101 2395; x_wconf 90' lang='lat' dir='ltr'>in</span> <span class='ocrx_word' id='word_1_451' title='bbox 2114 2371 2184 2396; x_wconf 90' lang='lat' dir='ltr'>rem</span> <span class='ocrx_word' id='word_1_452' title='bbox 2199 2370 2309 2396; x_wconf 85' lang='lat' dir='ltr'>suam.</span> 
     </span>
     <span class='ocr_line' id='line_1_36' title="bbox 479 2415 2377 2470; baseline -0.003 -9"><span class='ocrx_word' id='word_1_453' title='bbox 479 2428 528 2461; x_wconf 92' lang='lat' dir='ltr'>Ac</span> <span class='ocrx_word' id='word_1_454' title='bbox 554 2429 716 2461; x_wconf 91' lang='lat' dir='ltr'>cedentes</span> <span class='ocrx_word' id='word_1_455' title='bbox 741 2430 774 2461; x_wconf 94' lang='lat' dir='ltr'>et</span> <span class='ocrx_word' id='word_1_456' title='bbox 798 2429 920 2461; x_wconf 89' lang='lat' dir='ltr'>dantes</span> <span class='ocrx_word' id='word_1_457' title='bbox 945 2428 1011 2470; x_wconf 88' lang='lat' dir='ltr'>ipsi</span> <span class='ocrx_word' id='word_1_458' title='bbox 1029 2428 1134 2460; x_wconf 88' lang='lat' dir='ltr'>Fratri</span> <span class='ocrx_word' id='word_1_459' title='bbox 1152 2427 1345 2470; x_wconf 90' lang='lat' dir='ltr'>Augustino</span> <span class='ocrx_word' id='word_1_460' title='bbox 1362 2428 1454 2460; x_wconf 94' lang='lat' dir='ltr'>dicto</span> <span class='ocrx_word' id='word_1_461' title='bbox 1472 2427 1608 2460; x_wconf 91' lang='lat' dir='ltr'>nomine</span> <span class='ocrx_word' id='word_1_462' title='bbox 1626 2426 1886 2460; x_wconf 90' lang='lat' dir='ltr'>Instrumentum</span> <span class='ocrx_word' id='word_1_463' title='bbox 1914 2425 2007 2459; x_wconf 91' lang='lat' dir='ltr'>dicto</span> <span class='ocrx_word' id='word_1_464' title='bbox 2034 2424 2249 2458; x_wconf 89' lang='lat' dir='ltr'>vendicionis</span> <span class='ocrx_word' id='word_1_465' title='bbox 2275 2425 2310 2457; x_wconf 89' lang='lat' dir='ltr'>et</span> <span class='ocrx_word' id='word_1_466' title='bbox 2349 2415 2377 2454; x_wconf 65' lang='lat'>⁵.-</span> 
     </span>
     <span class='ocr_line' id='line_1_37' title="bbox 477 2486 2310 2531; baseline -0.002 -8"><span class='ocrx_word' id='word_1_467' title='bbox 477 2491 592 2524; x_wconf 91' lang='lat' dir='ltr'>omnia</span> <span class='ocrx_word' id='word_1_468' title='bbox 609 2500 725 2523; x_wconf 90' lang='lat' dir='ltr'>eorum</span> <span class='ocrx_word' id='word_1_469' title='bbox 743 2492 776 2524; x_wconf 91' lang='lat' dir='ltr'>et</span> <span class='ocrx_word' id='word_1_470' title='bbox 792 2491 873 2523; x_wconf 91' lang='lat' dir='ltr'>dicti</span> <span class='ocrx_word' id='word_1_471' title='bbox 906 2490 1102 2523; x_wconf 92' lang='lat' dir='ltr'>monasterii</span> <span class='ocrx_word' id='word_1_472' title='bbox 1128 2490 1200 2523; x_wconf 90' lang='lat' dir='ltr'>iura</span> <span class='ocrx_word' id='word_1_473' title='bbox 1217 2490 1260 2522; x_wconf 92' lang='lat' dir='ltr'>de</span> <span class='ocrx_word' id='word_1_474' title='bbox 1278 2489 1451 2531; x_wconf 90' lang='lat' dir='ltr'>predictis.</span> <span class='ocrx_word' id='word_1_475' title='bbox 1477 2487 1580 2528; x_wconf 92' lang='lat' dir='ltr'>Quod</span> <span class='ocrx_word' id='word_1_476' title='bbox 1605 2489 1758 2522; x_wconf 91' lang='lat' dir='ltr'>sedimen</span> <span class='ocrx_word' id='word_1_477' title='bbox 1783 2490 1816 2521; x_wconf 93' lang='lat' dir='ltr'>et</span> <span class='ocrx_word' id='word_1_478' title='bbox 1841 2488 1913 2521; x_wconf 89' lang='lat' dir='ltr'>iura</span> <span class='ocrx_word' id='word_1_479' title='bbox 1930 2495 2030 2521; x_wconf 90' lang='lat' dir='ltr'>cessa</span> <span class='ocrx_word' id='word_1_480' title='bbox 2047 2486 2127 2520; x_wconf 88' lang='lat' dir='ltr'>dicti</span> <span class='ocrx_word' id='word_1_481' title='bbox 2149 2486 2310 2520; x_wconf 81' lang='lat' dir='ltr'>dominus</span> 
     </span>
     <span class='ocr_line' id='line_1_38' title="bbox 478 2540 2389 2593; baseline -0.002 -8"><span class='ocrx_word' id='word_1_482' title='bbox 478 2552 598 2585; x_wconf 90' lang='lat' dir='ltr'>Abbas</span> <span class='ocrx_word' id='word_1_483' title='bbox 611 2554 643 2585; x_wconf 91' lang='lat' dir='ltr'>et</span> <span class='ocrx_word' id='word_1_484' title='bbox 658 2553 790 2586; x_wconf 88' lang='lat' dir='ltr'>Fratres</span> <span class='ocrx_word' id='word_1_485' title='bbox 804 2553 1052 2585; x_wconf 90' lang='lat' dir='ltr'>constituerunt</span> <span class='ocrx_word' id='word_1_486' title='bbox 1065 2561 1109 2585; x_wconf 90' lang='lat' dir='ltr'>ex</span> <span class='ocrx_word' id='word_1_487' title='bbox 1124 2561 1213 2585; x_wconf 93' lang='lat' dir='ltr'>nunc</span> <span class='ocrx_word' id='word_1_488' title='bbox 1227 2561 1264 2585; x_wconf 91' lang='lat' dir='ltr'>se</span> <span class='ocrx_word' id='word_1_489' title='bbox 1278 2553 1403 2591; x_wconf 91' lang='lat' dir='ltr'>tenere,</span> <span class='ocrx_word' id='word_1_490' title='bbox 1417 2551 1596 2593; x_wconf 92' lang='lat' dir='ltr'>possidere</span> <span class='ocrx_word' id='word_1_491' title='bbox 1610 2553 1643 2584; x_wconf 92' lang='lat' dir='ltr'>et</span> <span class='ocrx_word' id='word_1_492' title='bbox 1656 2551 1756 2593; x_wconf 92' lang='lat' dir='ltr'>quasi</span> <span class='ocrx_word' id='word_1_493' title='bbox 1769 2550 1924 2592; x_wconf 91' lang='lat' dir='ltr'>precario</span> <span class='ocrx_word' id='word_1_494' title='bbox 1937 2550 2072 2583; x_wconf 92' lang='lat' dir='ltr'>nomine</span> <span class='ocrx_word' id='word_1_495' title='bbox 2085 2548 2167 2582; x_wconf 91' lang='lat' dir='ltr'>dicti</span> <span class='ocrx_word' id='word_1_496' title='bbox 2184 2547 2311 2582; x_wconf 77' lang='lat' dir='ltr'>Fratris</span> <span class='ocrx_word' id='word_1_497' title='bbox 2365 2540 2389 2571; x_wconf 75' lang='lat'>&#39;·&#39;</span> 
     </span>
     <span class='ocr_line' id='line_1_39' title="bbox 479 2604 2386 2657; baseline -0.002 -10"><span class='ocrx_word' id='word_1_498' title='bbox 479 2614 660 2657; x_wconf 88' lang='lat' dir='ltr'>Augustini</span> <span class='ocrx_word' id='word_1_499' title='bbox 686 2615 779 2648; x_wconf 89' lang='lat' dir='ltr'>dicto</span> <span class='ocrx_word' id='word_1_500' title='bbox 803 2615 939 2648; x_wconf 90' lang='lat' dir='ltr'>nomine</span> <span class='ocrx_word' id='word_1_501' title='bbox 964 2617 997 2648; x_wconf 94' lang='lat' dir='ltr'>et</span> <span class='ocrx_word' id='word_1_502' title='bbox 1021 2615 1132 2656; x_wconf 91' lang='lat' dir='ltr'>ipsius</span> <span class='ocrx_word' id='word_1_503' title='bbox 1157 2613 1308 2654; x_wconf 88' lang='lat' dir='ltr'>Ordinis,</span> <span class='ocrx_word' id='word_1_504' title='bbox 1325 2622 1507 2656; x_wconf 88' lang='lat' dir='ltr'>quousque</span> <span class='ocrx_word' id='word_1_505' title='bbox 1525 2614 1638 2647; x_wconf 92' lang='lat' dir='ltr'>dictus</span> <span class='ocrx_word' id='word_1_506' title='bbox 1660 2613 1763 2646; x_wconf 85' lang='lat' dir='ltr'>frater</span> <span class='ocrx_word' id='word_1_507' title='bbox 1786 2611 2010 2655; x_wconf 86' lang='lat' dir='ltr'>Augustinus,</span> <span class='ocrx_word' id='word_1_508' title='bbox 2045 2611 2139 2644; x_wconf 92' lang='lat' dir='ltr'>dicto</span> <span class='ocrx_word' id='word_1_509' title='bbox 2173 2610 2310 2644; x_wconf 87' lang='lat' dir='ltr'>nomine</span> <span class='ocrx_word' id='word_1_510' title='bbox 2352 2604 2386 2622; x_wconf 62' lang='lat'>²</span> 
     </span>
     <span class='ocr_line' id='line_1_40' title="bbox 481 2672 2311 2719; baseline -0.003 -9"><span class='ocrx_word' id='word_1_511' title='bbox 481 2677 523 2710; x_wconf 90' lang='lat' dir='ltr'>de</span> <span class='ocrx_word' id='word_1_512' title='bbox 563 2677 727 2719; x_wconf 91' lang='lat' dir='ltr'>predictis</span> <span class='ocrx_word' id='word_1_513' title='bbox 763 2678 1024 2719; x_wconf 91' lang='lat' dir='ltr'>possessionem</span> <span class='ocrx_word' id='word_1_514' title='bbox 1049 2677 1103 2710; x_wconf 92' lang='lat' dir='ltr'>vel</span> <span class='ocrx_word' id='word_1_515' title='bbox 1129 2677 1228 2718; x_wconf 91' lang='lat' dir='ltr'>quasi</span> <span class='ocrx_word' id='word_1_516' title='bbox 1253 2677 1425 2718; x_wconf 90' lang='lat' dir='ltr'>acceperit</span> <span class='ocrx_word' id='word_1_517' title='bbox 1449 2675 1672 2718; x_wconf 88' lang='lat' dir='ltr'>corporalem,</span> <span class='ocrx_word' id='word_1_518' title='bbox 1708 2684 1811 2717; x_wconf 91' lang='lat' dir='ltr'>quam</span> <span class='ocrx_word' id='word_1_519' title='bbox 1846 2674 2039 2716; x_wconf 91' lang='lat' dir='ltr'>accipiendi</span> <span class='ocrx_word' id='word_1_520' title='bbox 2074 2682 2139 2707; x_wconf 91' lang='lat' dir='ltr'>sua</span> <span class='ocrx_word' id='word_1_521' title='bbox 2172 2672 2311 2716; x_wconf 79' lang='lat' dir='ltr'>propria</span> 
     </span>
     <span class='ocr_line' id='line_1_41' title="bbox 480 2734 2312 2784; baseline -0.001 -13"><span class='ocrx_word' id='word_1_522' title='bbox 480 2740 680 2772; x_wconf 88' lang='lat' dir='ltr'>auctoritate</span> <span class='ocrx_word' id='word_1_523' title='bbox 717 2740 1005 2784; x_wconf 85' lang='lat' dir='ltr'>quandocumque</span> <span class='ocrx_word' id='word_1_524' title='bbox 1030 2740 1060 2772; x_wconf 91' lang='lat' dir='ltr'>ei</span> <span class='ocrx_word' id='word_1_525' title='bbox 1086 2739 1251 2781; x_wconf 91' lang='lat' dir='ltr'>placuerit</span> <span class='ocrx_word' id='word_1_526' title='bbox 1275 2740 1308 2772; x_wconf 91' lang='lat' dir='ltr'>et</span> <span class='ocrx_word' id='word_1_527' title='bbox 1333 2739 1366 2771; x_wconf 91' lang='lat' dir='ltr'>in</span> <span class='ocrx_word' id='word_1_528' title='bbox 1398 2747 1436 2772; x_wconf 91' lang='lat' dir='ltr'>se</span> <span class='ocrx_word' id='word_1_529' title='bbox 1461 2739 1553 2771; x_wconf 91' lang='lat' dir='ltr'>dicto</span> <span class='ocrx_word' id='word_1_530' title='bbox 1589 2738 1725 2771; x_wconf 91' lang='lat' dir='ltr'>nomine</span> <span class='ocrx_word' id='word_1_531' title='bbox 1761 2737 1926 2770; x_wconf 90' lang='lat' dir='ltr'>retinendi</span> <span class='ocrx_word' id='word_1_532' title='bbox 1958 2736 2123 2778; x_wconf 91' lang='lat' dir='ltr'>deinceps</span> <span class='ocrx_word' id='word_1_533' title='bbox 2151 2737 2184 2768; x_wconf 90' lang='lat' dir='ltr'>et</span> <span class='ocrx_word' id='word_1_534' title='bbox 2211 2734 2312 2777; x_wconf 84' lang='lat' dir='ltr'>quid·</span> 
     </span>
    </p>
   </div>
   <div class='ocr_carea' id='block_1_12' title="bbox 482 2796 2310 2843">
    <p class='ocr_par' dir='ltr' id='par_1_13' title="bbox 482 2785 2382 2853">
     <span class='ocr_line' id='line_1_42' title="bbox 482 2796 2310 2843; baseline -0.002 -9"><span class='ocrx_word' id='word_1_535' title='bbox 482 2802 566 2843; x_wconf 90' lang='lat' dir='ltr'>quid</span> <span class='ocrx_word' id='word_1_536' title='bbox 591 2802 735 2835; x_wconf 91' lang='lat' dir='ltr'>voluerit</span> <span class='ocrx_word' id='word_1_537' title='bbox 759 2802 917 2842; x_wconf 77' lang='lat' dir='ltr'>faciendi,</span> <span class='ocrx_word' id='word_1_538' title='bbox 942 2811 986 2836; x_wconf 91' lang='lat' dir='ltr'>ex</span> <span class='ocrx_word' id='word_1_539' title='bbox 1011 2811 1100 2835; x_wconf 92' lang='lat' dir='ltr'>nunc</span> <span class='ocrx_word' id='word_1_540' title='bbox 1133 2802 1214 2835; x_wconf 88' lang='lat' dir='ltr'>dicti</span> <span class='ocrx_word' id='word_1_541' title='bbox 1246 2802 1405 2835; x_wconf 91' lang='lat' dir='ltr'>dominus</span> <span class='ocrx_word' id='word_1_542' title='bbox 1444 2800 1564 2834; x_wconf 92' lang='lat' dir='ltr'>Abbas</span> <span class='ocrx_word' id='word_1_543' title='bbox 1598 2802 1632 2834; x_wconf 92' lang='lat' dir='ltr'>et</span> <span class='ocrx_word' id='word_1_544' title='bbox 1667 2799 1801 2833; x_wconf 88' lang='lat' dir='ltr'>Fratres</span> <span class='ocrx_word' id='word_1_545' title='bbox 1835 2799 1970 2832; x_wconf 91' lang='lat' dir='ltr'>nomine</span> <span class='ocrx_word' id='word_1_546' title='bbox 1998 2798 2080 2832; x_wconf 92' lang='lat' dir='ltr'>dicti</span> <span class='ocrx_word' id='word_1_547' title='bbox 2115 2793 2382 2853; x_wconf 88' lang='lat' dir='ltr'>monasterii</span> 
     </span>
    </p>
   </div>
   <div class='ocr_carea' id='block_1_13' title="bbox 482 2850 2338 2906">
    <p class='ocr_par' dir='ltr' id='par_1_14' title="bbox 482 2850 2391 2906">
     <span class='ocr_line' id='line_1_43' title="bbox 482 2850 2338 2906; baseline -0.002 -10"><span class='ocrx_word' id='word_1_548' title='bbox 482 2863 591 2896; x_wconf 88' lang='lat' dir='ltr'>eidem</span> <span class='ocrx_word' id='word_1_549' title='bbox 618 2863 722 2896; x_wconf 89' lang='lat' dir='ltr'>Fratri</span> <span class='ocrx_word' id='word_1_550' title='bbox 763 2864 956 2906; x_wconf 89' lang='lat' dir='ltr'>Augustino</span> <span class='ocrx_word' id='word_1_551' title='bbox 992 2864 1129 2897; x_wconf 90' lang='lat' dir='ltr'>nomine</span> <span class='ocrx_word' id='word_1_552' title='bbox 1165 2864 1246 2897; x_wconf 89' lang='lat' dir='ltr'>dicti</span> <span class='ocrx_word' id='word_1_553' title='bbox 1271 2863 1412 2897; x_wconf 91' lang='lat' dir='ltr'>Ordinis</span> <span class='ocrx_word' id='word_1_554' title='bbox 1437 2863 1606 2896; x_wconf 92' lang='lat' dir='ltr'>licentiam</span> <span class='ocrx_word' id='word_1_555' title='bbox 1630 2864 1663 2896; x_wconf 91' lang='lat' dir='ltr'>et</span> <span class='ocrx_word' id='word_1_556' title='bbox 1687 2862 1920 2896; x_wconf 87' lang='lat' dir='ltr'>auctoritatem</span> <span class='ocrx_word' id='word_1_557' title='bbox 1949 2860 2178 2894; x_wconf 89' lang='lat' dir='ltr'>omnimodam</span> <span class='ocrx_word' id='word_1_558' title='bbox 2206 2858 2312 2893; x_wconf 78' lang='lat' dir='ltr'>dede·-</span> <span class='ocrx_word' id='word_1_559' title='bbox 2336 2850 2338 2853; x_wconf 33' lang='lat'>⁸</span> 
     </span>
    </p>
   </div>
   <div class='ocr_carea' id='block_1_14' title="bbox 483 2918 2379 2975">
    <p class='ocr_par' dir='ltr' id='par_1_15' title="bbox 483 2918 2383 2975">
     <span class='ocr_line' id='line_1_44' title="bbox 483 2918 2379 2975; baseline -0.002 -18"><span class='ocrx_word' id='word_1_560' title='bbox 483 2927 558 2958; x_wconf 91' lang='lat' dir='ltr'>runt</span> <span class='ocrx_word' id='word_1_561' title='bbox 594 2927 626 2958; x_wconf 91' lang='lat' dir='ltr'>et</span> <span class='ocrx_word' id='word_1_562' title='bbox 662 2928 916 2959; x_wconf 89' lang='lat' dir='ltr'>concesserunt.</span> <span class='ocrx_word' id='word_1_563' title='bbox 956 2926 1165 2960; x_wconf 90' lang='lat' dir='ltr'>Traddendo</span> <span class='ocrx_word' id='word_1_564' title='bbox 1200 2926 1266 2968; x_wconf 92' lang='lat' dir='ltr'>ipsi</span> <span class='ocrx_word' id='word_1_565' title='bbox 1292 2926 1397 2959; x_wconf 89' lang='lat' dir='ltr'>Fratri</span> <span class='ocrx_word' id='word_1_566' title='bbox 1432 2925 1626 2969; x_wconf 83' lang='lat' dir='ltr'>Augustino</span> <span class='ocrx_word' id='word_1_567' title='bbox 1649 2933 1693 2958; x_wconf 90' lang='lat' dir='ltr'>ex</span> <span class='ocrx_word' id='word_1_568' title='bbox 1718 2933 1808 2957; x_wconf 90' lang='lat' dir='ltr'>nunc</span> <span class='ocrx_word' id='word_1_569' title='bbox 1843 2923 1935 2956; x_wconf 92' lang='lat' dir='ltr'>dieto</span> <span class='ocrx_word' id='word_1_570' title='bbox 1970 2923 2105 2956; x_wconf 92' lang='lat' dir='ltr'>nomine</span> <span class='ocrx_word' id='word_1_571' title='bbox 2136 2921 2311 2955; x_wconf 87' lang='lat' dir='ltr'>dominum</span> <span class='ocrx_word' id='word_1_572' title='bbox 2350 2918 2379 2975; x_wconf 61' lang='grc' dir='ltr'>Ξζ</span> 
     </span>
    </p>
   </div>
   <div class='ocr_carea' id='block_1_15' title="bbox 482 2984 2397 3156">
    <p class='ocr_par' dir='ltr' id='par_1_16' title="bbox 482 2974 2402 3156">
     <span class='ocr_line' id='line_1_45' title="bbox 482 2984 2313 3030; baseline -0.002 -11"><span class='ocrx_word' id='word_1_573' title='bbox 482 2989 515 3020; x_wconf 93' lang='lat' dir='ltr'>et</span> <span class='ocrx_word' id='word_1_574' title='bbox 540 2988 796 3028; x_wconf 89' lang='lat' dir='ltr'>possessionem</span> <span class='ocrx_word' id='word_1_575' title='bbox 822 2989 854 3020; x_wconf 92' lang='lat' dir='ltr'>et</span> <span class='ocrx_word' id='word_1_576' title='bbox 878 2988 977 3030; x_wconf 90' lang='lat' dir='ltr'>quasi</span> <span class='ocrx_word' id='word_1_577' title='bbox 1002 2989 1044 3021; x_wconf 93' lang='lat' dir='ltr'>de</span> <span class='ocrx_word' id='word_1_578' title='bbox 1069 2989 1229 3022; x_wconf 93' lang='lat' dir='ltr'>omnibus</span> <span class='ocrx_word' id='word_1_579' title='bbox 1253 2990 1286 3022; x_wconf 91' lang='lat' dir='ltr'>et</span> <span class='ocrx_word' id='word_1_580' title='bbox 1310 2988 1456 3030; x_wconf 89' lang='lat' dir='ltr'>singulis</span> <span class='ocrx_word' id='word_1_581' title='bbox 1479 2986 1717 3029; x_wconf 91' lang='lat' dir='ltr'>supascriptis.</span> <span class='ocrx_word' id='word_1_582' title='bbox 1742 2985 1792 3018; x_wconf 88' lang='lat' dir='ltr'>Eo</span> <span class='ocrx_word' id='word_1_583' title='bbox 1817 2985 1920 3018; x_wconf 91' lang='lat' dir='ltr'>modo</span> <span class='ocrx_word' id='word_1_584' title='bbox 1942 2984 2096 3018; x_wconf 81' lang='lat' dir='ltr'>recerunt</span> <span class='ocrx_word' id='word_1_585' title='bbox 2118 2984 2313 3026; x_wconf 86' lang='lat' dir='ltr'>presentem</span> 
     </span>
     <span class='ocr_line' id='line_1_46' title="bbox 484 3044 2312 3092; baseline -0.002 -11"><span class='ocrx_word' id='word_1_586' title='bbox 484 3049 732 3089; x_wconf 90' lang='lat' dir='ltr'>vendicionem,</span> <span class='ocrx_word' id='word_1_587' title='bbox 757 3050 1002 3083; x_wconf 83' lang='lat' dir='ltr'>traddicionem</span> <span class='ocrx_word' id='word_1_588' title='bbox 1027 3052 1060 3083; x_wconf 94' lang='lat' dir='ltr'>et</span> <span class='ocrx_word' id='word_1_589' title='bbox 1084 3051 1287 3090; x_wconf 87' lang='lat' dir='ltr'>cessionem,</span> <span class='ocrx_word' id='word_1_590' title='bbox 1311 3050 1404 3092; x_wconf 88' lang='lat' dir='ltr'>quod</span> <span class='ocrx_word' id='word_1_591' title='bbox 1429 3050 1472 3082; x_wconf 91' lang='lat' dir='ltr'>de</span> <span class='ocrx_word' id='word_1_592' title='bbox 1497 3051 1610 3082; x_wconf 87' lang='lat' dir='ltr'>cetero</span> <span class='ocrx_word' id='word_1_593' title='bbox 1645 3048 1758 3081; x_wconf 90' lang='lat' dir='ltr'>dictus</span> <span class='ocrx_word' id='word_1_594' title='bbox 1794 3047 1909 3080; x_wconf 88' lang='lat' dir='ltr'>Frater</span> <span class='ocrx_word' id='word_1_595' title='bbox 1939 3045 2152 3089; x_wconf 88' lang='lat' dir='ltr'>Augustinus</span> <span class='ocrx_word' id='word_1_596' title='bbox 2175 3044 2312 3078; x_wconf 87' lang='lat' dir='ltr'>nomine</span> 
     </span>
     <span class='ocr_line' id='line_1_47' title="bbox 483 3107 2397 3156; baseline -0.002 -13"><span class='ocrx_word' id='word_1_597' title='bbox 483 3111 566 3144; x_wconf 91' lang='lat' dir='ltr'>dicti</span> <span class='ocrx_word' id='word_1_598' title='bbox 598 3110 738 3144; x_wconf 90' lang='lat' dir='ltr'>Ordinis</span> <span class='ocrx_word' id='word_1_599' title='bbox 762 3113 795 3144; x_wconf 91' lang='lat' dir='ltr'>et</span> <span class='ocrx_word' id='word_1_600' title='bbox 819 3112 921 3144; x_wconf 89' lang='lat' dir='ltr'>ceteri</span> <span class='ocrx_word' id='word_1_601' title='bbox 945 3111 1066 3145; x_wconf 80' lang='lat' dir='ltr'>fratres</span> <span class='ocrx_word' id='word_1_602' title='bbox 1102 3112 1348 3146; x_wconf 89' lang='lat' dir='ltr'>conventuales</span> <span class='ocrx_word' id='word_1_603' title='bbox 1372 3113 1563 3145; x_wconf 91' lang='lat' dir='ltr'>conventus</span> <span class='ocrx_word' id='word_1_604' title='bbox 1587 3110 1730 3153; x_wconf 89' lang='lat' dir='ltr'>predicti</span> <span class='ocrx_word' id='word_1_605' title='bbox 1755 3111 1790 3143; x_wconf 92' lang='lat' dir='ltr'>et</span> <span class='ocrx_word' id='word_1_606' title='bbox 1812 3109 1939 3151; x_wconf 90' lang='lat' dir='ltr'>quibus</span> <span class='ocrx_word' id='word_1_607' title='bbox 1963 3108 2129 3148; x_wconf 89' lang='lat' dir='ltr'>dederint,</span> <span class='ocrx_word' id='word_1_608' title='bbox 2153 3107 2310 3147; x_wconf 84' lang='lat' dir='ltr'>habeant,</span> <span class='ocrx_word' id='word_1_609' title='bbox 2375 3115 2397 3156; x_wconf 48' lang='lat' dir='ltr'>j,</span> 
     </span>
    </p>
   </div>
   <div class='ocr_carea' id='block_1_16' title="bbox 2370 0 2496 3600">
    <p class='ocr_par' dir='ltr' id='par_1_17' title="bbox 2370 0 2496 3600">
     <span class='ocr_line' id='line_1_48' title="bbox 2370 0 2496 3600; baseline 0 0"><span class='ocrx_word' id='word_1_610' title='bbox 2370 0 2496 3600; x_wconf 95' lang='lat' dir='ltr'> </span> 
     </span>
    </p>
   </div>
  </div>
 </body>
</html>
