2496 3600
1582 3 1588 10 w
1649 0 1683 11 verr
1700 0 1866 21 eujwfflffiwffiz
1886 18 1887 21 Ἴ
1922 13 1940 21 ,Γ
1955 14 1974 23 „k
2006 15 2021 26 ‚⁴
2037 19 2043 21 „
2083 0 2108 29 ,W

501 260 563 294 164

496 403 606 437 usque
631 395 673 428 ad
699 396 920 437 quantitatem
946 396 1132 438 predictam
1157 397 1190 428 et
1214 396 1343 428 tantum
1369 394 1447 436 plus
1472 396 1504 427 et
1530 394 1642 427 minus
1666 395 1832 436 quantum
1856 394 1900 428 de
1917 395 1988 428 iure
2004 394 2135 428 eisdem
2153 394 2326 428 videbitur

502 458 759 497 restituendum,
784 467 823 491 ac
849 458 956 491 eciam
982 458 1025 490 ad
1051 457 1318 491 convertendum
1345 457 1377 489 in
1403 456 1545 490 utilitate
1569 456 1657 490 dicte
1693 456 1838 490 ecclesie
1860 457 1972 491 dictos
1994 457 2143 491 florenos
2166 465 2241 497 sex,
2265 456 2324 499 qui

497 521 532 552 ut
557 520 759 562 premittitur
783 521 814 553 in
841 521 915 554 eius
941 520 1116 553 utilitatem
1152 519 1301 561 expendi
1327 519 1510 559 debebant,
1536 519 1697 567 mandato
1722 520 1878 562 prelibati
1903 518 2040 553 Domini
2066 520 2183 554 nostri.

588 582 667 616 item
692 583 735 616 ad
762 583 993 616 refiiciendum
1019 591 1079 615 seu
1105 581 1207 615 reifici
1232 581 1426 615 iaciendum
1451 583 1583 624 portam
1609 582 1825 622 antedictam,
1850 584 1951 625 prout
1974 583 2130 625 promisit
2154 583 2244 616 idem
2260 582 2326 616 do-

498 645 610 678 minus
635 645 754 678 Abbas
778 647 810 678 et
834 645 935 678 debet
959 645 1001 677 de
1027 645 1108 684 iure,
1126 645 1159 677 et
1182 644 1225 677 ad
1250 643 1444 677 iaciendum
1469 644 1600 678 eisdem
1624 643 1731 678 Priori
1749 646 1782 678 et
1798 644 1983 686 Fratribus,
1996 646 2071 679 sive
2095 645 2187 679 dicto
2209 654 2327 679 eorum
2380 643 2413 691 'j

500 708 633 740 sindico
651 709 683 740 et
701 708 921 749 procuratori,
947 706 1183 739 vendicionem
1209 706 1251 740 de
1277 706 1503 740 sediminibus
1527 706 1719 747 antedictis,
1744 708 1835 741 iusto
1851 708 1965 750 precio
1982 709 2014 742 et
2030 708 2233 748 rationabili,
2251 708 2328 741 iux·
2369 723 2396 761 13

498 773 531 804 ta
557 770 698 803 formam
725 769 904 811 privillegii
930 769 1101 808 antedicti,
1127 770 1160 802 et
1183 769 1291 802 eciam
1316 769 1358 802 ad
1385 769 1630 802 restituendum
1656 769 1738 803 illud
1764 770 1843 812 plus
1867 770 1960 813 quod
1997 771 2126 804 eisdem
2162 770 2327 804 tratribus

499 833 561 866 fuit
587 833 736 865 ablatum
762 833 804 864 de
830 832 946 873 precio
983 831 1172 871 sediminis,
1198 833 1233 864 ut
1257 832 1469 873 premittitur,
1506 832 1596 865 aliax
1633 833 1763 866 eisdem
1800 833 1939 873 venditi,
1963 842 2004 866 ac
2027 834 2134 867 eciam
2159 835 2195 867 ut
2230 834 2328 876 ipsos

500 894 668 927 Abbatem
694 896 726 927 et
751 892 947 935 Capitulum
966 895 998 926 et
1015 894 1142 926 dictum
1169 894 1338 927 sindicum
1364 894 1528 936 ipsorum,
1547 895 1682 928 nomine
1700 895 1928 937 predictorum
1957 894 2103 929 Abbatis
2124 895 2326 930 Monasterii

499 959 531 990 et
557 956 717 998 Capituli,
743 956 962 989 sentencietis
987 958 1019 989 et
1043 956 1196 998 privatos
1221 965 1299 989 esse
1324 965 1385 998 per
1409 957 1617 990 sentenciam
1643 957 1720 999 ipso
1749 958 1819 991 iure
1844 960 1877 991 et
1901 958 1992 992 tacto
2016 958 2198 992 declaretis
2221 958 2331 992 omni·
2369 963 2378 998 J

499 1020 564 1052 bus
589 1021 621 1052 et
646 1019 791 1061 singulis
817 1019 1093 1058 comoditatibus,
1119 1018 1294 1052 beneficiis
1311 1021 1344 1052 et
1362 1019 1647 1061 preheminenciis
1672 1022 1705 1053 et
1728 1020 1954 1063 dignitatibus
1971 1021 2148 1054 concessis
2166 1021 2330 1063 predictis

501 1081 637 1120 Abbati,
663 1079 824 1123 Capitulo
842 1083 875 1114 et
892 1081 1103 1114 Monasterio
1130 1081 1246 1123 vigore
1271 1082 1527 1124 privilegiorum
1552 1083 1797 1116 antedictorum
1822 1085 1855 1116 et
1878 1083 2006 1126 regulle
2031 1084 2194 1126 ipsorum,
2218 1093 2262 1118 ex
2285 1093 2329 1119 eo

501 1144 648 1176 maxime
674 1144 755 1185 quia
780 1153 847 1176 non
873 1143 1146 1185 adimpleverunt
1170 1153 1232 1177 nec
1257 1144 1445 1186 adimplent
1469 1154 1509 1178 ea
1534 1145 1576 1178 ad
1603 1154 1669 1187 que
1696 1145 1862 1188 obbligati
1886 1145 2022 1179 fuerunt
2045 1148 2079 1180 et
2103 1149 2192 1187 sunt,
2217 1147 2332 1181 consi·

500 1207 627 1239 deratis
649 1206 822 1248 predictis,
841 1207 874 1239 in
892 1207 1018 1239 divinis
1032 1208 1064 1239 et
1077 1206 1153 1239 aliis
1175 1206 1401 1242 cellebrandis
1419 1209 1452 1241 et
1468 1208 1697 1250 adimplendis
1715 1210 1748 1241 et
1765 1209 1871 1242 eciam
1890 1218 1933 1242 ex
1951 1218 1992 1242 eo
2009 1209 2102 1251 quod
2120 1211 2236 1243 contra
2253 1209 2331 1253 ipsa

501 1269 692 1311 privillegia
717 1269 890 1302 evidenter
914 1270 947 1302 et
972 1269 1134 1311 reguliam
1160 1269 1311 1311 ipsorum
1337 1271 1370 1302 et
1394 1270 1524 1303 ordinis
1549 1270 1691 1312 predicti
1717 1271 1954 1311 comisserunt,
1979 1273 2012 1304 et
2035 1271 2112 1305 aliis
2137 1272 2332 1306 racionibus
2366 1262 2400 1311 „53

502 1333 534 1364 et
559 1332 675 1364 causis
700 1332 880 1364 antedictis
905 1333 938 1364 et
962 1331 1039 1364 aliis
1063 1329 1130 1373 que
1157 1332 1189 1364 in
1215 1341 1380 1373 processu
1409 1333 1634 1374 apparebunt.
1661 1333 1701 1366 Et
1725 1334 1877 1376 predicta
1902 1335 1985 1376 petit
2009 1343 2071 1376 per
2093 1343 2158 1368 vos
2192 1334 2264 1368 fieri
2298 1334 2333 1369 et

504 1394 698 1427 executioni
724 1394 875 1427 mandari
901 1394 1036 1434 debere,
1063 1403 1129 1427 una
1154 1403 1231 1427 cum
1256 1396 1420 1436 expensis
1445 1395 1544 1428 tactis
1561 1397 1594 1429 et
1609 1396 1743 1436 fiendis,
1761 1397 1804 1430 de
1829 1397 1956 1438 quibus
1973 1399 2180 1439 protestatur
2195 1398 2228 1431 et
2243 1405 2332 1440 quas

502 1456 688 1489 declarabit
711 1458 863 1498 tempore
889 1457 1060 1489 sentencie
1084 1456 1296 1498 proferende,
1322 1458 1412 1490 omni
1438 1458 1518 1498 iure,
1544 1458 1646 1491 modo
1671 1460 1703 1491 et
1727 1458 1834 1491 forma
1859 1460 1986 1501 quibus
2011 1460 2132 1497 melius
2155 1459 2226 1514 fieri
2251 1468 2335 1503 pos-
2367 1452 2410 1503 [35

503 1519 557 1558 sit,
583 1519 681 1551 salvo
706 1519 788 1558 iure,
814 1521 874 1551 etc.

594 1643 627 1675 ln
654 1644 797 1676 Nomine
823 1643 958 1676 Domini
985 1643 1103 1677 Amen.
1130 1644 1237 1677 Vobis
1262 1646 1295 1677 et
1319 1654 1431 1678 coram
1457 1646 1558 1679 vobis
1583 1647 1867 1682 reverendissimo
1892 1648 1924 1679 in
1950 1645 2088 1681 Christo
2112 1649 2207 1690 patre
2224 1649 2257 1681 et
2273 1648 2336 1681 do·

503 1707 594 1738 mino
619 1706 758 1738 domIno
783 1706 884 1739 tratre
909 1705 1094 1740 Guillelmo
1119 1716 1214 1740 sacre
1240 1708 1364 1750 pagine
1390 1709 1563 1750 magistro,
1604 1708 1666 1742 Dei
1692 1711 1725 1742 et
1749 1709 1948 1751 Apostolice
1973 1708 2074 1744 Sedis
2109 1711 2218 1753 gratia
2253 1709 2336 1753 Epi·

502 1778 611 1816 scopo
636 1770 792 1810 papiensi
818 1771 850 1802 et
875 1770 996 1802 comite
1020 1779 1060 1802 ac
1085 1772 1324 1803 conservatore
1349 1772 1382 1803 et
1407 1771 1517 1804 iudice
1543 1781 1602 1813 per
1628 1770 1751 1805 Sedem
1776 1773 2000 1815 apostolicam
2026 1773 2190 1815 deputato
2206 1772 2334 1808 Abbati

503 1833 535 1864 et
560 1830 745 1865 Canonicis
770 1834 801 1864 et
827 1830 987 1873 Capitulo
1012 1834 1044 1865 et
1069 1831 1261 1866 Conventui
1287 1835 1481 1867 monasterii
1507 1835 1615 1867 sancti
1641 1834 1731 1868 Petri
1758 1835 1791 1868 in
1817 1836 1902 1869 cello
1926 1845 2030 1869 aureo
2055 1835 2171 1878 Papie‚
2196 1845 2264 1870 non
2299 1837 2334 1870 in
2377 1841 2391 1883 J

505 1895 642 1926 modum
669 1895 856 1936 solempnis
882 1895 985 1927 libelli
1012 1895 1072 1928 sed
1099 1895 1210 1937 qualis
1229 1896 1341 1938 qualis
1358 1897 1532 1938 petitionis
1549 1899 1582 1931 et
1607 1898 1773 1940 simplicis
1790 1898 1870 1932 facti
1888 1899 2092 1932 narrationis
2109 1901 2141 1933 et
2157 1900 2249 1933 omni
2263 1899 2335 1933 iure
2367 1892 2408 1946 {5

504 1966 573 1998 quo
599 1957 719 1989 melius
745 1959 867 1998 potest,
892 1958 1025 1997 asserit,
1051 1958 1230 2000 significat,
1255 1960 1416 2000 proponit
1433 1961 1465 1992 et
1481 1960 1563 1993 dicit
1587 1959 1748 1994 Stetanus
1765 1961 1807 1994 de
1825 1960 2012 1995 Panizariis
2029 1962 2183 1995 sindicus
2199 1963 2233 1996 et
2257 1970 2337 2004 pro-

504 2021 649 2058 curator,
668 2020 851 2052 sindicario
870 2022 901 2052 et
919 2021 1153 2061 procuratorio
1178 2021 1314 2054 nomine
1339 2022 1505 2054 dictorum
1531 2023 1658 2055 domini
1685 2022 1841 2063 Abbatis,
1866 2022 2117 2057 Canonicorum
2134 2026 2167 2057 et
2182 2022 2335 2067 Capituli

504 2081 586 2114 dicti
613 2082 819 2121 monasterii,
845 2082 980 2124 agendo
997 2084 1029 2115 et
1046 2091 1147 2124 agere
1172 2083 1320 2116 volendo
1344 2083 1435 2116 dicto
1460 2085 1595 2118 nomine
1621 2087 1737 2118 contra
1754 2084 1916 2126 Priorem,
1934 2085 2066 2119 Fratres
2083 2087 2116 2119 et
2137 2084 2333 2128 Capitulum

507 2143 751 2176 Heremitarum
777 2144 819 2176 de
845 2146 965 2177 sancto
991 2143 1185 2187 Augustino
1210 2146 1366 2187 papiensi
1393 2149 1425 2179 et
1449 2149 1565 2180 contra
1589 2156 1840 2190 quamcumque
1865 2157 2048 2190 personam
2073 2157 2135 2191 pro
2159 2149 2210 2182 eis
2234 2149 2268 2182 in
2285 2149 2338 2182 iu·

504 2205 596 2238 dicio
622 2205 794 2248 legiptime
821 2207 1108 2246 intervenientem,
1135 2217 1201 2240 non
1228 2208 1417 2241 recedendo
1453 2211 1633 2251 propterea
1657 2209 1701 2242 ab
1725 2210 1802 2243 aliis
1838 2211 1952 2252 petitis
1987 2213 2020 2244 et
2054 2211 2242 2253 propositis
2275 2218 2339 2253 per
2427 2240 2429 2242 .

507 2269 619 2309 ipsum
646 2269 814 2301 sindicum
841 2269 931 2301 dicto
957 2270 1092 2302 nomine
1117 2279 1229 2302 coram
1256 2271 1355 2303 vobis
1381 2271 1578 2313 vicarioque
1603 2273 1729 2312 vestro,
1755 2274 1918 2314 quantum
1944 2273 1976 2305 in
2001 2274 2087 2313 eius,
2112 2274 2206 2307 dicto
2229 2273 2338 2307 sindi-

506 2331 599 2363 cario
625 2331 771 2370 nomine,
796 2331 947 2364 favorem
973 2332 1112 2365 tendere
1137 2334 1332 2374 reperiatur,
1358 2334 1419 2366 sed
1445 2334 1511 2375 ipsi
1536 2334 1682 2367 totaliter
1706 2335 1892 2368 inherendo
1916 2338 1948 2368 et
1971 2336 2132 2369 addendo
2174 2336 2336 2378 peticioni
2367 2350 2410 2385 ¹33„

506 2393 598 2426 aliax
624 2402 736 2426 coram
763 2394 864 2427 vobis
889 2394 1028 2427 domino
1053 2398 1294 2428 conservatore
1320 2396 1432 2429 oblate
1458 2405 1519 2438 per
1553 2397 1680 2429 dictum
1716 2398 1897 2438 sindicum,
1922 2398 2013 2431 dicto
2049 2399 2195 2439 nomine,
2219 2400 2338 2432 contra

507 2455 618 2488 dictos
643 2454 792 2488 Priorem
818 2458 851 2488 et
875 2456 1008 2489 Fratres
1035 2457 1289 2497 Heremitarum,
1315 2458 1461 2491 dicendo
1486 2459 1598 2492 dictus
1623 2457 1784 2492 Stefanus
1820 2460 1912 2493 dicto
1948 2462 2094 2501 nomine,
2130 2461 2223 2503 quod
2259 2469 2337 2495 cum

506 2518 588 2550 dicti
615 2517 711 2550 Prior
735 2520 768 2551 et
793 2518 926 2552 Fratres
964 2519 1207 2552 Heremitarum
1245 2521 1484 2562 impetrassent
1508 2530 1569 2554 seu
1594 2522 1824 2555 obtinuissent
1847 2532 1867 2556 a
1892 2522 2044 2557 Romano
2079 2523 2244 2557 Pontifice
2275 2510 2346 2567 prol>

508 2580 626 2613 divino
652 2581 743 2613 cultu
769 2583 1047 2624 augumentando
1072 2583 1104 2615 in
1130 2583 1220 2616 dicta
1246 2583 1391 2616 eeclesia
1416 2585 1525 2617 sancti
1551 2583 1640 2617 Petri
1667 2585 1699 2617 in
1725 2585 1812 2618 cello
1836 2595 1950 2626 aureo,
1963 2587 2007 2619 ad
2033 2587 2194 2620 honorem
2211 2586 2340 2621 beatis—

509 2643 585 2675 simi
611 2643 762 2676 doctoris
787 2643 981 2686 Augustini,
1007 2645 1180 2686 quoddam
1206 2646 1434 2688 privillegium
1459 2655 1520 2679 seu
1546 2647 1713 2689 quasdam
1747 2647 1874 2681 litteras
1898 2649 2108 2690 apostolicas
2141 2650 2174 2682 in
2210 2649 2338 2692 quibus

510 2706 594 2737 inter
611 2707 723 2738 cetera
748 2706 871 2739 dicitur
895 2707 1058 2740 contineri
1084 2708 1176 2749 quod
1203 2707 1376 2742 Romanus
1401 2708 1560 2742 Pontifex
1586 2710 1704 2742 statuit
1727 2710 1819 2752 quod
1845 2710 1978 2744 Fratres
1996 2710 2135 2744 Ordinis
2153 2711 2340 2745 Heremita-

511 2776 583 2799 rum
610 2777 720 2809 usque
745 2769 788 2800 ad
814 2770 941 2801 certum
967 2779 1143 2802 numerum
1169 2771 1264 2803 iuxta
1281 2771 1462 2803 ecclesiam
1487 2771 1568 2804 dicti
1594 2773 1789 2805 monasterii
1815 2774 1923 2806 sancti
1949 2772 2037 2806 Petri
2063 2774 2199 2815 possint
2215 2782 2339 2816 perpe—

509 2830 577 2862 tuis
602 2831 815 2872 temporibus
841 2832 992 2864 habitare
1017 2834 1049 2864 et
1073 2833 1165 2874 quod
1192 2833 1343 2874 ipsorum
1369 2833 1519 2866 Fratrum
1561 2835 1725 2867 habitatio
1761 2837 2012 2868 construeretur
2035 2837 2067 2868 in
2093 2836 2170 2870 loco
2204 2837 2338 2870 decenti
2368 2835 2401 2883 *J

512 2891 607 2924 iuxta
632 2892 812 2925 ecclesiam
838 2894 1033 2926 monasterii
1059 2895 1238 2927 antedicti:
1257 2897 1289 2928 et
1307 2896 1398 2937 quod
1425 2896 1504 2928 dicti
1531 2895 1663 2929 Fratres
1681 2897 1822 2930 eandem
1840 2897 2021 2930 ecclesiam
2038 2898 2118 2931 dicti
2141 2899 2338 2933 monasterii

510 2961 571 2993 per
594 2953 694 2985 aliam
719 2957 851 2995 portam
877 2956 959 2988 inibi
985 2956 1027 2989 de
1052 2966 1142 2989 novo
1167 2957 1358 2990 faciendam
1384 2958 1514 3000 ingredi
1533 2960 1675 3000 possent
1692 2960 1817 2992 etcum
1835 2959 1936 2992 dictis
1961 2960 2085 2993 abbate
2102 2962 2135 2993 et
2163 2961 2338 2995 canonicis

511 3015 545 3046 in
570 3015 696 3048 divinis
721 3016 843 3050 officiis
869 3018 1043 3058 interesse,
1068 3020 1100 3051 et
1124 3020 1217 3060 quod
1243 3020 1457 3062 privilegium
1493 3029 1696 3053 concessum
1720 3020 1783 3053 fuit
1807 3030 1883 3054 cum
1923 3022 2025 3055 certis
2049 3022 2151 3055 modo
2175 3025 2208 3056 et
2230 3023 2339 3056 forma
2463 3016 2466 3017 ⁷

512 3077 740 3110 observandis
766 3088 827 3119 per
851 3080 948 3120 ipsos
973 3079 1124 3114 Priorem
1149 3083 1182 3114 et
1207 3081 1340 3115 Fratres
1366 3084 1398 3114 et
1422 3082 1602 3122 Abbatem,
1627 3084 1727 3124 prout
1745 3083 1778 3115 in
1795 3083 1896 3116 dictis
1921 3082 2040 3117 litteris
2057 3085 2258 3126 apostolicis
2275 3093 2338 3119 seu

513 3139 704 3182 privillegio
729 3141 919 3181 apostolico
944 3144 1145 3184 expressius
1170 3144 1231 3177 hec
1250 3146 1282 3177 et
1299 3145 1365 3177 alia
1382 3146 1499 3178 dicunt
1523 3146 1696 3185 contineri,
1714 3154 1855 3187 quarum
1873 3146 2056 3179 litterarum
2074 3148 2343 3188 apostolicarum‘
2368 3133 2425 3183 ἢ)
