2496 3600
561 369 683 404 Actum
707 371 740 404 et
765 371 929 413 scriptum
955 370 1136 411 Avinione‚
1161 380 1252 404 anno
1276 370 1413 404 Domini
1438 369 1676 412 MCCCXXX,
1700 371 1756 406 die
1780 371 1947 412 mercurii,
1970 370 2047 406 xix
2071 372 2200 406 mensis
2215 381 2296 416 sep-

471 432 622 473 tembris,
647 431 871 466 Pontificatus
896 434 1008 466 autem
1034 431 1248 467 Sanctissimi
1274 432 1386 467 Patris
1410 435 1442 467 et
1467 434 1595 466 domini
1621 434 1726 467 nostri
1743 433 1870 467 domini
1889 433 2048 468 iohannis
2071 433 2161 468 xxii
2177 435 2295 470 divina

471 494 686 537 providentia
705 493 909 528 Sacrosante
924 494 1075 529 Romane
1093 504 1132 529 ac
1152 495 1356 529 universalis
1374 494 1528 530 Ecclesie
1546 496 1668 530 summi
1687 496 1858 538 pontificis
1870 505 1960 530 anno
1977 494 2037 530 XV
2053 494 2140 538 (Fol.
2157 495 2230 538 XX,
2243 495 2295 540 r.).

1301 698 1475 742 XVII.

562 807 631 837 Fra
657 807 858 845 Guglielmo
884 807 929 837 da
954 806 1129 837 Cremona
1155 807 1278 837 Priore
1296 807 1470 838 Generale
1495 817 1514 838 e
1539 808 1550 837 i
1575 808 1658 838 frati
1675 808 1877 840 Lanfranco
1893 809 1940 840 da
1957 809 2092 841 Milano
2108 817 2128 840 e
2145 809 2298 842 Rinaldo

473 861 518 890 da
544 860 694 890 Brescia
717 864 933 898 presentano
958 860 992 890 ai
1018 860 1190 891 Canonici
1215 860 1382 898 Regolari
1407 861 1444 891 di
1467 861 1504 892 S.
1532 861 1653 892 Pietro
1677 861 1714 892 in
1737 861 1814 892 Ciel
1838 861 1872 893 d'
1889 871 1953 893 oro
1976 862 2013 893 la
2037 862 2142 894 Boua
2159 863 2196 894 di
2211 862 2298 894 Gio-

470 914 579 943 vanni
603 913 712 949 XXII,
738 923 757 943 e
781 914 963 952 prendono
987 922 1163 952 possesso
1188 914 1284 944 della
1308 914 1440 945 ehiesa
1456 912 1518 957 (l).

1143 1010 1287 1044 1331,
1314 1010 1553 1048 giumo,
1579 1011 1635 1039 G·

1025 1098 1153 1127 (Tomi,
1169 1098 1247 1122 Senon
1260 1099 1423 1128 Agosnnmnt,
1439 1100 1486 1123 vol.
1501 1099 1529 1127 v,
1544 1105 1598 1127 pag.
1613 1100 1662 1128 ⁴⁷9,
1677 1100 1745 1128 neg).

580 1283 630 1401 I
711 1238 743 1330 'N
768 1299 903 1332 nomine
928 1297 1063 1331 Domini
1090 1298 1207 1332 Amen.
1233 1298 1333 1331 Anno
1369 1299 1555 1332 nativitatis
1591 1299 1744 1332 eiusdem
1777 1299 1958 1333 millesimo
1982 1285 2220 1334 trecentesimo
2242 1302 2302 1337 tri·

711 1335 713 1377 Ι
740 1362 872 1404 gesimo
897 1362 1017 1404 primo,
1042 1362 1227 1395 indictione
1252 1362 1516 1404 quartadecima,
1541 1363 1596 1396 die
1622 1363 1788 1403 mercurii,
1813 1363 1932 1406 quinto
1957 1363 2087 1397 mensis
2103 1363 2199 1405 lunii,
2215 1364 2299 1399 hora

508 1459 576 1461 VVVVV
711 1386 713 1462 ἐ
740 1426 871 1464 octave,
897 1425 929 1457 in
955 1424 1102 1458 ecclesia
1126 1425 1321 1458 monasterii
1347 1423 1462 1459 Sancti
1487 1424 1577 1459 Petri
1603 1425 1636 1458 in
1661 1423 1746 1459 Celo
1778 1434 1882 1459 aureo
1916 1426 2105 1469 papiensis,
2141 1426 2301 1463 videlieet

472 1485 504 1516 in
531 1485 634 1518 choro
659 1488 692 1519 et
715 1488 792 1519 ante
818 1487 922 1519 altare
948 1487 1058 1528 ipsius
1083 1486 1238 1525 ecclesie.
1265 1486 1427 1529 Religiosi
1453 1487 1514 1520 viri
1541 1487 1700 1521 dominus
1725 1487 1826 1521 trater
1850 1486 2042 1522 Guilelmus
2065 1488 2109 1522 de
2130 1487 2300 1524 Cremona

473 1546 568 1580 Prior
592 1546 770 1582 Generalis
795 1547 934 1582 Ordinis
960 1549 1111 1582 Fratrum
1148 1548 1367 1582 Eremitarum
1405 1550 1494 1583 beati
1520 1549 1713 1593 Augustini,
1738 1550 1839 1584 frater
1864 1550 2074 1585 Lanfrancus
2097 1551 2140 1585 de
2165 1551 2302 1586 Medio—

476 1610 553 1642 lano
579 1611 732 1644 eiusdem
758 1610 909 1651 Ordinis,
934 1612 967 1644 in
993 1620 1090 1645 sacra
1114 1612 1286 1654 theologia
1311 1612 1474 1655 magistri,
1499 1614 1532 1646 et
1555 1612 1658 1646 frater
1674 1611 1862 1648 Rainaldus
1885 1613 1928 1647 de
1954 1612 2071 1647 Brixia
2095 1613 2192 1648 Prior
2214 1612 2299 1650 Pro-
2343 1606 2346 1610 ’

477 1672 633 1706 vincialis
648 1673 680 1705 in
695 1673 871 1715 provincIa
886 1673 1088 1707 Lombardie
1105 1674 1216 1716 ipsius
1229 1673 1381 1715 Ordinis,
1394 1675 1531 1708 nomIne
1545 1676 1577 1708 et
1590 1675 1666 1708 vice
1679 1675 1759 1708 dicti
1774 1674 1914 1709 Ordinis
1927 1675 2160 1717 Eremitarum,
2173 1677 2301 1712 consti-

474 1735 535 1767 tuti
561 1735 594 1767 in
613 1736 789 1777 presencia
814 1736 1049 1779 religiosorum
1067 1737 1216 1770 virorum
1233 1737 1361 1770 domini
1378 1737 1491 1771 fratris
1508 1737 1657 1780 Philippi
1683 1738 1829 1779 abbatis,
1846 1738 1958 1772 fratris
1982 1735 2085 1780 Ca'rli,
2102 1739 2215 1774 fratris
2230 1739 2300 1776 Ru-

478 1796 581 1836 baldi,
596 1797 707 1831 fratris
722 1795 917 1838 Christiani,
931 1798 1043 1832 fratris
1057 1797 1197 1832 Oliverii
1212 1800 1244 1833 et
1259 1799 1372 1833 fratris
1385 1798 1534 1843 Georgii,
1548 1800 1686 1834 fratrum
1700 1810 1761 1834 seu
1775 1802 2016 1835 canonicorum
2030 1802 2172 1845 predicti
2185 1811 2304 1837 mona-

476 1860 568 1892 sterii
588 1858 702 1893 Sancti
721 1860 810 1893 Petri
829 1861 861 1893 in
879 1859 964 1894 Celo
981 1870 1086 1894 aureo
1103 1862 1292 1904 papiensis,
1306 1862 1415 1895 eidem
1432 1862 1572 1896 domino
1585 1862 1710 1897 Abbati
1727 1865 1760 1897 et
1777 1862 1973 1905 Canonicis,
1987 1874 2103 1898 eorum
2121 1865 2304 1900 nomineet

477 1923 613 1955 nomine
630 1921 779 1965 Capituli
805 1925 837 1956 et
863 1922 1064 1957 Conventus
1089 1925 1199 1966 ipsius
1225 1925 1432 1966 monasterii,
1450 1935 1527 1959 cum
1552 1926 1668 1968 plures
1692 1927 1846 1960 canonici
1873 1936 1940 1960 non
1965 1928 2032 1961 sint
2057 1929 2091 1962 in
2115 1928 2208 1962 dicto
2231 1937 2305 1962 mo-

478 1985 626 2018 nasterio
662 1986 863 2026 residentes,
889 1988 1180 2029 presentaverunt,
1205 1989 1474 2028 notificaverunt,
1499 1989 1802 2030 denunciaverunt,
1827 1999 1867 2024 ac
1903 1991 2004 2030 etiam
2041 1991 2084 2024 de
2116 1991 2224 2025 verbo
2257 1991 2302 2025 ad

478 2048 618 2080 verbum
645 2048 708 2091 legi
735 2050 767 2082 et
791 2049 958 2091 publicari
984 2049 1136 2083 fecerunt
1171 2050 1424 2093 infrascriptum
1451 2051 1672 2095 Privilegium
1697 2061 1759 2086 seu
1785 2052 1926 2086 Litteras
1950 2052 2099 2096 Papales
2122 2054 2302 2088 cuiusdam
2350 2067 2353 2070 ⁴

479 2110 584 2152 gratie
609 2109 697 2143 facte
723 2110 898 2144 Fratribus
923 2112 1003 2145 dicti
1030 2111 1170 2146 Ordinis
1195 2113 1429 2154 Eremitarum,
1454 2124 1521 2147 non
1548 2115 1694 2155 vitiatas,
1719 2125 1787 2148 non
1812 2116 2028 2156 cancellatas,
2053 2126 2120 2150 non
2144 2116 2303 2158 abolitas,

478 2181 540 2205 nec
566 2172 598 2204 in
624 2172 738 2215 aliqua
763 2174 815 2206 sui
842 2176 936 2215 parte
962 2176 1154 2216 suspectas,
1172 2175 1234 2208 sed
1260 2184 1340 2208 vera
1365 2176 1458 2209 bulla
1482 2177 1597 2219 papali
1623 2177 1784 2219 plumbea
1808 2178 1852 2211 ad
1877 2179 2016 2212 cordam
2041 2181 2112 2212 sete
2133 2187 2253 2213 crocee
2268 2181 2303 2213 et

478 2235 581 2267 rubee
599 2236 811 2277 appensione
838 2237 995 2276 munitas,
1014 2237 1046 2269 in
1072 2246 1140 2280 qua
1165 2238 1303 2280 quidem
1330 2238 1422 2272 bulla
1446 2241 1541 2273 erant
1563 2240 1608 2274 ab
1633 2249 1700 2273 una
1724 2242 1819 2282 parte
1837 2241 1950 2283 capita
1974 2241 2119 2275 duorum
2143 2242 2304 2284 virorum,

479 2306 579 2330 cruce
604 2297 783 2338 mediante,
801 2307 878 2331 cum
904 2299 1099 2333 huiusmodi
1123 2300 1251 2333 tenoris
1276 2300 1409 2334 litteris:
1434 2305 1464 2335 s.
1490 2305 1548 2335 PA.
1574 2306 1603 2336 s.
1628 2306 1696 2342 PE.;
1721 2311 1765 2335 ex
1789 2302 1856 2337 alia
1881 2312 1962 2337 vero
1986 2306 2082 2345 parte
2104 2303 2196 2339 dicte
2212 2303 2304 2339 bulte

480 2361 575 2392 erant
600 2359 733 2402 sculpte
751 2361 898 2402 quedam
920 2361 1026 2395 littere
1044 2362 1288 2396 describentes:
1303 2368 1492 2398 IOHANNES
1515 2368 1614 2398 ΡΑΡΑ
1638 2369 1723 2405 xxii,
1741 2374 1818 2399 cum
1835 2365 2042 2408 quibusdam
2067 2366 2216 2408 punctis,
2230 2367 2305 2401 exi-

481 2422 650 2455 stentibus
676 2431 718 2455 ex
745 2425 887 2465 utraque
912 2425 1007 2465 parte
1034 2424 1134 2464 bulle,
1152 2434 1295 2466 quarum
1321 2426 1504 2459 litterarum
1529 2429 1624 2460 tenor
1649 2428 1800 2461 noscitur
1820 2436 1898 2462 esse
1922 2428 2018 2462 talis:
2044 2428 2222 2469 lohannes,
2238 2430 2303 2463 etc.
2350 2423 2353 2424 ⁷
2392 2420 2400 2432 ”

479 2481 601 2525 (segue
624 2484 650 2517 il
671 2486 754 2518 testo
779 2485 868 2518 della
892 2485 983 2519 bolla
1005 2487 1053 2520 20
1077 2485 1180 2520 Genn.
1210 2488 1303 2526 1327,
1329 2488 1458 2521 docum.
1482 2497 1514 2522 n.
1543 2487 1624 2531 Vll).

572 2547 612 2579 Et
637 2546 762 2580 ibidem
788 2548 907 2590 prefati
940 2549 1100 2582 dominus
1137 2549 1233 2583 Prior
1257 2549 1446 2591 Generalis,
1471 2551 1573 2585 frater
1607 2552 1816 2586 Lanfrancus
1841 2555 1873 2587 et
1897 2553 1998 2587 frater
2022 2553 2219 2594 Rainaldus,
2243 2563 2305 2588 no-

482 2609 570 2642 mine
588 2611 621 2642 et
646 2610 720 2643 vice
744 2611 856 2644 tocius
881 2611 961 2644 dicti
987 2610 1127 2646 Ordinis
1152 2612 1374 2647 Eremitarum
1399 2614 1490 2647 beati
1515 2613 1709 2658 Augustini,
1727 2615 1857 2650 eisdem
1881 2616 2020 2650 domino
2037 2615 2162 2650 Abbati
2186 2618 2220 2650 et
2235 2614 2304 2653 Ca-

483 2672 626 2711 nonicis,
640 2680 757 2705 eorum
775 2673 910 2706 nomine
928 2675 961 2706 et
978 2674 1112 2707 nomine
1126 2672 1327 2709 Conventus
1344 2676 1426 2709 dicti
1443 2677 1638 2711 monasterii
1656 2675 1770 2712 Sancti
1787 2676 1877 2711 Petri
1894 2678 1928 2711 in
1942 2676 2027 2712 Celo
2043 2687 2146 2712 aureo
2162 2679 2306 2722 papien-

484 2733 544 2773 sis,
558 2734 850 2768 denunciaverunt
867 2738 1037 2778 quatenus
1050 2737 1164 2770 omnia
1177 2738 1209 2770 et
1222 2738 1356 2781 singula
1370 2747 1436 2780 que
1451 2739 1484 2771 in
1501 2740 1746 2783 suprascriptis
1762 2739 1882 2774 litteris
1895 2741 2119 2781 continentur,
2131 2741 2305 2775 attendere

483 2795 629 2830 debeant
653 2799 685 2830 et
710 2797 931 2832 effectualiter
955 2799 1152 2841 adimplere.
1169 2798 1235 2839 Qui
1253 2800 1390 2842 quidem
1415 2801 1576 2835 dominus
1601 2801 1719 2836 Abbas
1736 2805 1769 2838 et
1785 2801 1962 2843 Canonici,
1979 2812 2096 2837 eorum
2121 2804 2257 2839 nomine
2272 2805 2306 2838 et

537 2952 568 2978 (1)
583 2953 611 2975 Di
627 2956 712 2980 questo
727 2954 869 2978 documento
884 2961 897 2978 e
912 2955 949 2978 del
964 2958 1078 2984 seguente
1092 2963 1138 2979 non
1161 2957 1272 2980 abbiamo
1293 2958 1367 2981 rinve-
1421 2959 1504 2986 burgo.
1520 2959 1571 2988 Cio,
1586 2960 1830 2988 indipendentemente
1844 2961 1875 2983 da
1889 2961 2002 2989 quaisiasi
2016 2962 2104 2984 notizia
2117 2962 2212 2990 diretta,
2226 2962 2246 2985 si
2261 2967 2303 2989 po-

485 2998 543 3019 nuto
558 2997 686 3025 l'originale
701 3004 714 3020 e
728 2999 853 3022 dovemmo
868 3000 980 3023 ricorrere
993 3001 1016 3023 al
1031 3001 1125 3029 Torelli,
1140 3002 1182 3024 che
1192 3008 1221 3025 ne
1230 3002 1287 3025 avi-a
1296 3003 1369 3026 avuto
1423 3004 1506 3026 trebbe
1528 3004 1622 3031 arguite
1644 3004 1682 3027 dal
1705 3006 1788 3028 nostro
1811 3005 1961 3034 documento,
1984 3011 2052 3028 come
2074 3006 2219 3029 asserviamo
2242 3006 2302 3029 nella

486 3041 554 3068 copia
569 3042 728 3066 dall’archivio
743 3044 766 3065 di
781 3043 805 3066 S.
820 3044 935 3071 Agostino
950 3045 973 3067 di
989 3045 1067 3068 Pavia.
1423 3050 1480 3071 nota
1494 3049 1525 3075 (2)
1540 3049 1600 3071 dena
1614 3055 1668 3077 pag.
1691 3050 1726 3072 41.
1747 3050 1789 3072 Ma
1807 3049 1972 3073 direttamente
1985 3055 2012 3073 ce
2026 3051 2049 3073 Ιο
2063 3051 2159 3078 insegna
2180 3050 2250 3074 cario
2263 3051 2302 3079 lv,

541 3086 556 3107 ll
572 3092 685 3113 possesso
700 3087 723 3109 di
738 3087 761 3110 S.
778 3088 857 3110 Pietro
871 3089 894 3110 in
909 3089 958 3112 Ciel
973 3089 1040 3112 d'oro
1050 3091 1160 3113 ottenuto
1170 3091 1232 3119 dagli
1243 3092 1368 3114 Eremltani
1422 3092 1487 3120 tigno
1501 3093 1524 3115 di
1546 3099 1571 3115 re
1591 3093 1714 3121 Giovanni,
1735 3094 1795 3116 nella
1815 3094 1997 3122 autobiografln,
2018 3100 2085 3118 come
2098 3095 2119 3118 sl
2133 3094 2146 3117 ὲ
2160 3095 2199 3123 gia
2219 3096 2303 3118 nomo

486 3129 499 3151 e
514 3130 604 3153 dovuto
618 3131 640 3152 in
655 3137 711 3158 gran
733 3134 800 3159 parte
814 3133 853 3155 all'
864 3133 995 3157 intervente
1010 3134 1033 3156 di
1048 3134 1080 3158 Re
1101 3135 1215 3159 Giovanni
1225 3136 1248 3158 di
1260 3137 1367 3159 Lussem-
1420 3137 1480 3160 nella
1495 3137 1628 3164 preiazione
1641 3138 1708 3161 sotto
1721 3138 1800 3161 l'anno
1818 3138 1876 3161 1331.
