2496 3600
499 245 562 279 162

583 378 662 412 Item
698 378 848 412 fecerunt
883 379 1062 422 recoperiri
1099 379 1279 412 ecclesiam
1304 379 1348 412 de
1373 378 1534 421 pombleo
1568 376 1636 421 (I),
1672 379 1764 422 quod
1798 380 1950 414 constitit
1985 381 2115 415 eisdem
2145 380 2319 416 Fratribus

489 444 525 475 et
549 443 705 475 constare
729 442 865 475 comuni
891 442 1119 475 extimacione
1144 441 1254 483 potuit
1277 441 1426 474 florenos
1451 441 1651 484 octuaginta
1675 442 1759 482 auri,
1784 442 1942 476 deductis
1966 443 2142 485 expensis.

583 503 634 537 Ad
661 513 727 546 que
753 504 890 546 quidem
915 504 1029 537 omnia
1053 505 1249 536 ornamenta
1274 505 1307 536 et
1331 505 1518 545 apparatus
1542 512 1582 537 ac
1607 512 1792 546 expensas,
1816 503 1926 539 factas
1949 505 2193 539 occasionibus
2227 508 2323 540 ante-

490 567 605 606 dictis,
630 566 854 609 suprascripti
880 566 1039 599 dominus
1065 564 1183 599 Abbas
1201 567 1233 598 et
1249 563 1415 599 Canonici
1441 565 1576 599 solvere
1599 567 1632 599 et
1648 567 1863 600 contribuere
1880 570 2123 602 recusaverunt
2139 568 2218 602 hinc
2235 570 2323 603 retro

490 630 526 662 et
550 629 651 662 hodie
676 631 843 668 recusant,
879 636 1087 670 quamquam
1117 627 1270 661 redditus
1307 628 1477 662 maximos
1501 630 1533 661 et
1557 630 1746 670 proventus
1769 637 1814 662 ex
1839 629 1916 672 ipsa
1950 630 2096 664 abbacia
2131 631 2322 674 percipiant

491 693 524 724 et
548 700 755 734 quamquam
780 691 822 723 de
848 691 930 730 iure,
955 690 1075 723 saltem
1100 690 1143 723 ad
1170 690 1396 730 medietatem,
1422 690 1501 724 licet
1517 690 1561 724 ad
1579 690 1658 733 plus
1683 692 1812 725 ratione
1837 692 1976 726 maioris
1993 692 2158 732 utilitatis,
2177 693 2317 727 honoris

489 756 524 787 et
548 754 830 796 prehemInencie,
855 754 1034 786 teneantur
1057 754 1090 786 et
1115 753 1255 795 obligati
1281 753 1350 786 sint
1373 750 1438 794 (2).

582 816 661 849 Item
686 816 808 848 asserit
833 815 945 848 dIctus
971 814 1149 854 Iohannes,
1174 815 1267 848 dicto
1292 815 1528 857 procuratorio
1552 816 1698 856 nomine,
1723 817 1816 859 quod
1841 817 1921 850 olim
1946 817 2106 851 dominus
2141 817 2244 852 frater
2267 817 2323 851 Fi·

493 879 584 920 lipus
609 878 688 910 olIm
714 878 824 910 abbas
864 878 1058 910 monasterii
1098 877 1270 917 antedicti,
1296 877 1373 910 licet
1409 877 1558 911 indebite
1582 879 1615 911 et
1639 880 1756 912 contra
1791 880 1940 912 tenorem
1977 879 2157 922 privillegii
2193 880 2323 914 eisdem
2375 870 2391 875 '⁵

493 940 641 973 dominis
659 939 777 978 Priori,
796 939 970 972 Fratribus
987 941 1020 972 et
1037 940 1220 972 conventui
1247 939 1404 973 concessi
1431 948 1491 981 per
1515 940 1661 973 condam
1686 940 1867 974 recolende
1884 942 2044 975 memorie
2066 942 2321 976 sanctissimum

494 1004 526 1035 In
553 1001 691 1036 Christo
716 1004 845 1044 patrem
872 1003 904 1034 et
929 1002 1103 1034 dominum
1129 1002 1303 1035 dominum
1329 1001 1458 1044 Papam
1485 1001 1678 1042 Iohannem,
1703 1003 1833 1036 eisdem
1859 1003 1998 1036 domIno
2011 1002 2118 1037 Priori
2143 1006 2177 1038 et
2201 1003 2325 1038 Fratri-

496 1066 561 1098 bus
586 1067 617 1097 et
643 1063 835 1098 Conventui
861 1064 1002 1097 abstulit
1026 1066 1058 1097 et
1082 1065 1215 1106 accepit
1249 1064 1399 1109 florenos
1435 1064 1524 1098 mille
1549 1065 1592 1098 de
1628 1065 1776 1107 quadam
1812 1065 2019 1100 domuncula
2054 1075 2156 1108 quam
2193 1067 2323 1101 eisdem
2373 1065 2402 1115 LA]

493 1130 572 1160 tunc
598 1127 761 1166 vendidit,
787 1136 853 1168 que
878 1128 957 1160 tunc
982 1127 1146 1169 temporis
1171 1128 1242 1160 erat
1266 1127 1352 1160 forte
1377 1126 1516 1160 valloris
1542 1127 1701 1161 librarum
1727 1128 1910 1161 ducentum
1935 1128 2162 1170 terciolorum,
2186 1129 2324 1164 comuni

495 1190 723 1223 extimacione
749 1189 1058 1229 considerantibus,
1083 1198 1172 1231 quos
1197 1189 1334 1231 quidem
1360 1189 1530 1229 denarios,
1555 1198 1645 1232 quos
1670 1190 1758 1223 idem
1782 1190 1943 1224 domInus
1967 1189 2087 1224 Abbas
2126 1191 2213 1225 ultra
2247 1200 2328 1234 pre·

490 1253 582 1286 cium
609 1253 735 1285 Iustum
761 1252 851 1285 dicte
876 1252 1093 1292 domuncule,
1119 1252 1248 1285 eisdem
1274 1251 1381 1285 Priori
1407 1254 1440 1285 et
1465 1251 1638 1285 Fratribus
1663 1253 1806 1295 accepIt,
1832 1261 1942 1295 usque
1966 1262 2056 1287 nunc
2072 1256 2106 1287 et
2126 1254 2325 1288 successive

492 1316 606 1348 dictus
631 1315 791 1348 dominus
816 1314 935 1348 Abbas
960 1316 992 1347 et
1016 1313 1182 1348 Canonici
1207 1323 1297 1347 nunc
1321 1315 1519 1354 existentes,
1545 1315 1655 1348 eidem
1681 1315 1820 1348 Iohanni
1845 1316 1936 1349 dicto
1969 1316 2154 1350 sindicario
2189 1317 2326 1351 nomine

494 1378 575 1410 dare
601 1387 640 1410 ac
666 1378 842 1410 restituere
867 1379 1112 1410 recusaverunt
1137 1379 1168 1410 et
1193 1377 1296 1410 hodie
1321 1379 1479 1410 recusant
1503 1374 1566 1418 (3).

586 1440 666 1473 Item
692 1440 814 1473 asserit
839 1440 951 1473 dictus
978 1439 1144 1473 Iohannes
1169 1440 1260 1472 dicto
1285 1439 1470 1472 sindicario
1495 1441 1527 1472 et
1551 1441 1785 1481 procuratorio
1810 1441 1957 1480 nomine,
1982 1441 2075 1483 quod
2094 1441 2247 1483 prefatus
2263 1441 2327 1476 do-

492 1503 607 1535 minus
633 1502 751 1535 Abbas
777 1504 810 1535 et
835 1501 1000 1535 CanoniCi
1026 1503 1220 1535 monasterii
1246 1502 1419 1542 antedicti,
1444 1503 1518 1535 sive
1542 1502 1655 1535 dictus
1680 1503 1840 1536 dominus
1865 1502 1985 1536 Abbas
2009 1505 2149 1543 tantum,
2167 1504 2233 1538 iam
2250 1504 2327 1547 plu·

496 1566 590 1598 ribus
616 1566 715 1598 annis
741 1565 880 1606 elapsis,
906 1565 984 1598 licet
1009 1565 1159 1597 indebite
1185 1566 1218 1597 et
1242 1565 1366 1597 inIuste
1390 1566 1424 1597 et
1448 1565 1614 1598 violenter
1637 1566 1670 1598 et
1694 1566 1812 1598 contra
1836 1565 2046 1599 voluntatem
2071 1566 2225 1608 Ipsorum
2259 1566 2329 1600 fra·

495 1630 581 1659 trum
608 1629 640 1660 et
665 1637 740 1660 cum
766 1627 910 1660 audacia
935 1629 967 1659 et
992 1627 1177 1659 temeritate
1202 1626 1310 1668 frangi
1337 1628 1368 1659 et
1392 1627 1520 1660 destrui
1546 1626 1697 1660 fecerunt
1721 1636 1782 1660 seu
1815 1627 1896 1660 fecit
1919 1629 1952 1661 et
1975 1627 2074 1671 fregit
2110 1630 2241 1670 portam
2276 1628 2327 1663 la·

496 1690 631 1732 pideam
657 1691 860 1722 existentem
885 1691 963 1722 ante
989 1690 1109 1722 atrium
1135 1689 1307 1730 lapideum
1345 1689 1491 1722 ecclesie
1527 1689 1708 1729 antedicte,
1733 1690 1766 1722 in
1791 1683 2017 1731 preludicium
2045 1691 2136 1724 dicte
2171 1690 2328 1732 ecclesie,

496 1751 625 1785 PrioriS
650 1754 682 1784 et
708 1752 870 1791 Fratrum,
896 1761 998 1793 quam
1024 1752 1162 1793 quidem
1187 1752 1320 1793 portam
1345 1751 1602 1793 suprascriptus
1638 1752 1798 1785 dominus
1822 1751 1942 1785 Abbas
1977 1755 2011 1786 et
2046 1751 2222 1794 Canonici,
2257 1762 2326 1787 non

498 1815 656 1847 obstante
682 1815 775 1856 quod
795 1815 883 1847 idem
901 1815 1061 1847 domInus
1079 1813 1198 1847 Abbas
1215 1814 1306 1847 aliax
1325 1814 1435 1855 ipsam
1454 1814 1666 1847 rehedificari
1683 1814 1795 1847 facere
1813 1815 2036 1856 promisserit‚
2054 1816 2199 1858 reaptari
2215 1815 2329 1851 facere

498 1878 744 1910 recusaverunt
769 1879 801 1909 et
826 1877 928 1909 hodie
954 1879 1125 1909 recusant.

589 1940 668 1972 Item
695 1940 816 1972 asserit
842 1940 1098 1981 suprascriptus
1124 1939 1291 1973 lohannes
1316 1939 1408 1973 dicto
1433 1940 1618 1973 sindicario
1643 1942 1675 1972 et
1700 1940 1934 1982 procuratorio
1959 1941 2105 1981 nomine,
2141 1941 2235 1983 quod
2269 1949 2331 1975 su—

499 2003 679 2044 prascripti
706 2002 824 2035 Abbas
850 2004 882 2035 et
913 2001 1090 2042 Canonici,
1127 2002 1206 2035 licet
1242 2002 1392 2035 indebite
1417 2004 1450 2035 et
1475 2003 1599 2036 iniuste
1625 2004 1656 2036 et
1681 2005 1799 2035 contra
1834 2012 1969 2036 omnem
2007 2004 2195 2043 veritatem,
2230 2003 2348 2046 ipsos.
2373 1997 2408 2041 ’ᾗ

497 2065 659 2105 Pri0rem,
685 2065 818 2098 Fratres
844 2067 876 2098 et
901 2064 1117 2098 Conventum
1144 2066 1354 2098 mendaciter
1377 2067 1410 2098 et
1435 2067 1552 2099 contra
1577 2066 1753 2098 veritatem
1778 2065 1967 2099 diffamavit
1991 2068 2024 2099 et
2047 2066 2209 2107 diffamat,
2233 2074 2331 2100 asse-

499 2129 604 2161 rendo
630 2128 722 2169 quod
749 2129 815 2169 ipsi
841 2127 938 2160 PrIor
963 2131 995 2161 et
1021 2128 1154 2161 Fratres
1187 2128 1441 2161 derobaverunt
1465 2129 1497 2161 et
1521 2127 1621 2160 furati
1657 2127 1793 2160 fuerunt
1817 2128 1850 2160 in
1875 2128 1967 2161 dicto
1992 2128 2210 2168 monasterio,
2244 2130 2330 2163 tem-
2377 2117 2406 2162 ’.ἶ

503 2200 585 2232 pore
611 2193 787 2230 nocturno,
812 2192 861 2223 tot
885 2193 918 2224 et
942 2193 1035 2223 tanta
1060 2191 1151 2224 bona
1176 2200 1242 2232 que
1268 2191 1391 2224 asserit
1415 2190 1568 2224 valuisse
1592 2199 1652 2224 seu
1679 2190 1805 2224 vallere
1828 2190 1978 2224 florenos
2002 2192 2147 2231 centurn,
2171 2192 2208 2224 ut
2231 2190 2266 2224 in
2290 2189 2331 2224 li·

555 2349 620 2375 (1)Α
641 2349 719 2376 questi
741 2349 814 2371 lavori
836 2349 858 2370 di
875 2349 1020 2376 ricopertura
1042 2349 1103 2371 della
1125 2349 1203 2371 chiesa
1224 2354 1358 2371 accennano
1379 2349 1386 2370 i

502 2394 636 2416 documenti
652 2400 674 2415 n.
693 2394 779 2415 LXXIII
795 2399 807 2415 e
822 2393 880 2415 XCI.

554 2438 585 2463 (2)
600 2438 635 2460 Gli
651 2438 776 2460 Eremitani
798 2444 844 2460 non
866 2439 969 2465 tengono
984 2438 1060 2460 dietro
1074 2438 1095 2460 ai
1111 2438 1195 2465 singoli
1210 2438 1262 2464 capi
1278 2437 1389 2460 d'accusa

501 2483 593 2510 esposti
608 2483 645 2504 nel
659 2483 737 2504 libello
752 2482 789 2504 dei
805 2482 924 2505 Canonici.
936 2483 987 2504 Essi
998 2483 1143 2504 cominciano
1154 2488 1197 2504 con
1209 2488 1239 2504 un
1249 2483 1387 2509 argomento

502 2528 610 2554 generale
625 2527 648 2549 di
664 2529 750 2554 questo
764 2528 861 2549 tenore:
877 2535 888 2545 «
903 2527 946 2549 Noi
962 2527 984 2548 in
999 2527 1064 2549 forza
1080 2527 1141 2549 della
1156 2527 1218 2549 bolla
1234 2527 1256 2548 di
1272 2526 1386 2549 Giovanni

502 2573 563 2594 XXII
579 2573 654 2594 siamo
669 2572 748 2594 venuti
763 2578 777 2594 a
792 2571 815 2594 S.
841 2572 920 2594 Pietro
935 2572 957 2593 in
979 2572 1021 2594 ciel
1043 2572 1111 2594 d'oro
1133 2578 1176 2594 con
1198 2572 1220 2594 la
1241 2572 1387 2598 condIzione,

503 2617 628 2638 rafforzata
644 2617 673 2638 da
689 2617 748 2643 patti
770 2617 860 2638 solenni
882 2617 988 2643 stipulati
1004 2616 1026 2638 di
1043 2617 1081 2643 poi
1097 2618 1133 2638 tra
1148 2617 1169 2638 le
1191 2616 1236 2638 due
1258 2616 1385 2643 comunita,

503 2662 545 2683 che
560 2662 581 2683 Ie
595 2667 666 2688 spese
687 2661 717 2683 da
738 2661 793 2683 farsi
816 2666 858 2688 per
872 2661 887 2682 il
904 2661 993 2688 tempio
1014 2661 1106 2683 fossero
1127 2662 1251 2683 sostenute
1266 2667 1308 2688 per
1325 2661 1387 2683 meta

502 2706 533 2727 da
548 2706 657 2728 ciascuna
672 2705 732 2727 delle
752 2706 821 2732 parti.
839 2706 869 2727 La
885 2706 971 2727 misura
986 2705 1008 2727 di
1025 2707 1109 2732 queste
1123 2711 1194 2732 spese
1208 2705 1221 2727 e
1236 2705 1265 2727 da
1280 2705 1389 2727 determi-

503 2750 565 2771 narsi
588 2749 626 2771 dal
646 2750 738 2776 preciso
760 2749 871 2771 mandato
890 2755 1001 2776 espresso
1023 2749 1083 2771 nella
1105 2750 1175 2776 bolla,
1197 2755 1210 2771 e
1231 2749 1293 2771 dallo
1315 2755 1389 2776 scopo

504 2800 546 2821 per
560 2794 596 2816 cui
611 2794 687 2815 siamo
701 2794 790 2820 venuti,
806 2794 869 2821 quaI'
881 2794 893 2816 ὲ
908 2794 986 2821 quello
997 2794 1019 2815 di
1034 2799 1190 2820 promuovere
1204 2794 1227 2815 in
1242 2794 1312 2816 modo
1336 2799 1389 2821 spe-

502 2838 561 2859 ciale
576 2838 590 2859 il
605 2838 669 2859 culto
685 2837 707 2859 dl
722 2837 746 2860 S.
761 2838 885 2865 Agostino,
900 2843 913 2859 e
928 2838 1008 2865 quindi
1023 2838 1046 2859 di
1061 2838 1158 2860 rendere
1173 2838 1187 2859 il
1202 2838 1291 2864 tempio
1312 2838 1388 2865 degno

503 2881 525 2902 di
542 2882 628 2908 questo
643 2882 706 2903 culto
721 2882 832 2909 speciale,
847 2887 913 2904 come
928 2882 941 2903 e
955 2882 1029 2912 anche
1043 2882 1154 2904 richiesto
1168 2882 1229 2904 dalle
1250 2882 1384 2909 particolari

503 2926 614 2947 relazioni
630 2926 690 2953 degli
715 2926 840 2948 Eremitani
856 2932 869 2948 e
879 2926 916 2948 dei
927 2926 1037 2949 Canonici
1048 2932 1118 2949 verso
1128 2926 1143 2948 il
1153 2932 1252 2949 comune
1261 2926 1386 2949 fundatore

502 2975 517 2991 e
532 2970 656 2996 patriarca.
672 2969 715 2992 Cio
730 2971 810 2997 posto,
825 2970 846 2992 le
860 2976 931 2997 spese
945 2971 1078 2992 necessarie
1092 2977 1134 2998 per
1148 2971 1163 2992 il
1178 2971 1267 2998 templo
1278 2977 1324 2993 non
1334 2977 1388 2993 con—

504 3013 596 3035 sistono
611 3014 662 3035 solo
677 3014 699 3035 in
715 3014 791 3040 quelle
806 3014 866 3036 della
881 3015 1068 3041 manutenzione,
1085 3015 1169 3042 perche
1184 3021 1239 3037 esso
1249 3021 1295 3037 non
1305 3016 1388 3042 rovinl,

504 3063 541 3079 rna
556 3057 575 3079 si
591 3058 722 3079 estendono
743 3059 816 3080 anche
831 3059 875 3080 alle
897 3059 1006 3086 esigenze
1021 3059 1043 3080 dl
1059 3059 1214 3082 decorazione
1228 3065 1241 3082 e
1256 3060 1278 3082 di
1293 3060 1389 3082 abbelli-

504 3103 592 3128 mento,
601 3102 643 3123 che
651 3102 710 3124 nelle
725 3103 859 3128 particolari
874 3103 1019 3125 circostanze
1034 3103 1160 3126 diventano
1174 3104 1359 3131 indispensabili.
1371 3099 1389 3126 Ε

503 3146 613 3168 evidente
628 3147 738 3173 pertanto
753 3147 795 3168 che
810 3147 830 3168 le
850 3152 920 3173 spese
939 3147 969 3169 da
991 3148 1028 3169 noi
1051 3149 1175 3170 sostenute
1196 3154 1238 3175 per
1259 3149 1356 3171 rendere
1378 3149 1393 3171 il

1442 2349 1530 2375 tempio
1545 2349 1723 2375 possibilmente
1738 2348 1814 2376 degno
1829 2348 1852 2370 di
1867 2348 1890 2371 S.
1906 2348 2030 2376 Agostino,
2040 2348 2062 2371 le
2075 2354 2146 2376 spese
2156 2349 2187 2371 da
2196 2343 2327 2372 noim
2371 2332 2389 2352 '⁷‘

1442 2394 1499 2415 nute
1513 2399 1555 2420 per
1569 2393 1694 2415 l'erezione
1708 2393 1832 2420 dell'Arca,
1847 2394 1890 2415 che
1904 2393 1964 2415 deve
1977 2393 2107 2420 accogliere
2116 2393 2138 2415 le
2145 2393 2228 2416 Ceneri
2238 2392 2324 2421 delpst
2367 2392 2404 2426 ‘¹23

1443 2437 1532 2465 grande
1541 2437 1615 2460 Genio
1625 2438 1663 2460 del
1672 2438 1852 2465 cristianesimo,
1867 2444 1914 2460 non
1928 2443 1988 2460 sono
2002 2443 2072 2465 spese
2082 2437 2105 2460 di
2120 2438 2251 2466 lassemur!
2264 2443 2326 2462 sono
2375 2430 2403 2474 325²

1442 2487 1512 2509 spese
1526 2482 1649 2505 arbitrarie
1663 2488 1676 2504 e
1691 2482 1842 2509 capricciose,
1857 2488 1895 2504 rna
1909 2482 1958 2509 tali,
1973 2482 2003 2504 da
2018 2482 2054 2504 cui
2070 2488 2116 2504 non
2129 2482 2150 2505 si
2160 2482 2209 2510 pub
2223 2482 2327 2510 prendu-
2343 2513 2347 2515 ,
2370 2485 2397 2516 (ᾗ

1441 2527 1496 2549 dere
1511 2532 1582 2548 senza
1597 2527 1662 2548 venir
1677 2532 1745 2548 meno
1759 2526 1790 2548 ad
1804 2532 1835 2548 un
1850 2532 1918 2549 sacro
1933 2526 2027 2549 dovere.
2042 2526 2078 2549 Da
2087 2526 2124 2549 cio
2134 2526 2147 2548 ὲ
2157 2527 2258 2554 pravare
2266 2526 2327 2549 l'ob-
2368 2523 2410 2554 ’ζ’

1443 2571 1506 2598 bligo
1527 2571 1564 2593 dei
1586 2570 1696 2593 Canonici
1721 2571 1743 2592 di
1767 2576 1905 2593 concurrere
1928 2571 2023 2593 almeno
2046 2576 2088 2598 per
2105 2570 2168 2593 meti
2181 2571 2227 2593 alle
2244 2575 2324 2598 spese.

1441 2616 1547 2638 Diciamo
1561 2617 1665 2643 almeno,
1689 2616 1775 2643 perche
1789 2616 1796 2637 1
1811 2616 1861 2638 loro
1882 2615 1976 2643 redditi,
1997 2615 2112 2638 derivanti
2126 2615 2157 2638 da
2175 2616 2216 2638 un'
2229 2620 2327 2638 enorme

1442 2660 1550 2687 quantita
1571 2660 1594 2682 di
1616 2661 1722 2688 possessi
1737 2661 1824 2687 stabili,
1848 2661 1990 2688 impongono
2004 2660 2055 2683 loro
2069 2660 2093 2682 dl
2111 2665 2191 2683 essere
2204 2666 2252 2682 nou
2271 2659 2326 2683 ιοΙο

1442 2705 1492 2731 pari
1513 2705 1559 2732 agli
1581 2704 1652 2727 sforzl
1667 2705 1690 2727 di
1705 2705 1752 2732 noi,
1767 2705 1848 2732 poveri
1865 2704 2014 2731 mendicanti,
2029 2710 2066 2726 tna
2080 2705 2154 2727 anche
2168 2704 2208 2731 piu
2222 2704 2296 2732 largii!
2309 2709 2325 2728 e

1443 2749 1551 2776 generosi
1570 2757 1590 2771 ».

1497 2794 1515 2815 Ε
1529 2799 1632 2816 nessuno
1647 2794 1695 2821 puo
1709 2799 1795 2822 negare
1808 2795 1851 2816 che
1865 2795 1951 2821 questo
1966 2794 2142 2821 ragionamento
2155 2793 2221 2816 fosse
2229 2793 2326 2821 εἰωθυ-
2372 2800 2396 2824 't'

1442 2838 1511 2860 sImo.
1527 2838 1558 2860 Le
1572 2844 1735 2866 conseguenze
1748 2838 1867 2866 adunque,
1882 2839 1925 2861 che
1938 2838 1986 2860 essi
2007 2844 2036 2860 ne
2057 2838 2207 2866 derivavano,
2228 2838 2280 2861 eioe
2299 2838 2324 2862 di
2359 2837 2361 2839 ’

1439 2882 1515 2904 rifarsi
1530 2883 1708 2910 possibilmente
1722 2883 1783 2905 delle
1796 2882 1847 2905 loro
1861 2888 1941 2910 spese,
1955 2883 2018 2905 visto
2031 2883 2075 2905 che
2089 2883 2096 2904 i
2111 2882 2221 2906 canonici
2235 2882 2327 2906 rmuta-

1440 2933 1501 2950 vano
1515 2928 1702 2950 assolutamente
1715 2927 1739 2949 di
1753 2927 1896 2950 contribuire
1906 2933 1973 2950 come
1982 2927 2005 2949 di
2015 2927 2111 2955 dovere,
2121 2933 2193 2950 erano
2202 2927 2326 2955 leglttime.

1442 2978 1455 2994 e
1470 2978 1515 2994 non
1531 2972 1689 2994 costituivano
1703 2972 1787 2994 alcuna
1801 2972 1889 2994 lesione
1903 2972 1927 2994 di
1941 2972 2015 2994 diritti
2029 2972 2108 2995 altrul.
2128 2972 2162 2995 Ed
2183 2978 2240 2995 ecco
2253 2978 2268 2995 a
2281 2972 2326 2996 eh
2364 2971 2396 3000 'J’

1443 3022 1499 3038 cosa
1514 3016 1533 3038 si
1549 3016 1628 3038 riduee
1641 3016 1664 3038 la
1678 3016 1780 3038 ritenuta
1794 3016 1817 3038 di
1831 3016 1914 3038 alcune
1928 3016 2018 3042 offerte,
2034 3016 2064 3038 da
2079 3016 2126 3038 essi
2148 3016 2209 3039 iatta
2222 3016 2246 3038 ln
2260 3015 2327 3044 qun}-
2359 3012 2381 3046 '‘qu
2393 3047 2396 3048 ⁷

1443 3061 1485 3083 che
1500 3066 1556 3083 caso
1571 3060 1719 3087 particulare.
2373 3078 2394 3088 ,r

1496 3104 1527 3131 (3)
1542 3105 1573 3127 La
1587 3105 1690 3132 vendita,
1705 3105 1728 3126 di
1743 3105 1780 3126 cui
1795 3105 1835 3132 qui
1850 3105 1870 3127 si
1885 3105 1966 3132 tntu,
1983 3105 2004 3127 si
2021 3105 2126 3127 nterim
2135 3106 2157 3127 ai
2168 3105 2220 3127 doc.
2231 3111 2254 3127 n.
2264 3105 2324 3128 xxi.
