2496 3600
1971 260 1980 288 l
1989 257 2034 289 63

128 372 165 409 ’ζ’
216 378 306 413 bello
329 378 403 412 sive
427 378 596 420 peticione
621 388 683 421 pro
708 382 803 421 parte
828 381 980 423 ipsorum
1005 382 1219 415 dominorum
1253 382 1398 416 Abbatis
1422 385 1455 416 et
1480 382 1730 418 Canonicorum
1767 386 1881 419 oblato
1917 390 2034 420 contra

140 447 155 474 ,ἰ
215 441 312 484 ipsos
334 439 484 474 Priorem
509 443 542 474 et
567 441 701 475 Fratres
725 443 799 476 sive
824 453 939 476 eorum
964 445 1134 478 sindicum
1171 445 1278 478 lacius
1314 446 1518 486 continetur,
1555 456 1597 479 ex
1635 457 1703 489 quo
1740 448 1828 480 idem
1866 448 2034 482 Iohannes

126 494 158 545 ἰζ
213 503 305 537 dicto
327 503 512 536 sindicario
544 505 679 537 nomine
704 506 845 539 extimat
870 507 1024 539 Iniuriam
1050 509 1082 540 et
1107 508 1277 541 infamiam
1304 509 1433 541 eisdem
1459 508 1566 541 Priori
1592 511 1624 542 et
1649 509 1822 543 Fratribus
1854 512 2031 544 atributam

130 563 139 568 ”
213 567 290 609 ipsa
313 567 492 606 ocaxione,
517 576 556 600 ac
582 567 664 600 dicit
689 569 785 609 ipsos
810 568 962 602 Priorem
987 572 1019 602 et
1044 570 1176 603 Fratres
1201 571 1310 612 ipsam
1337 571 1491 604 iniuriam
1517 574 1549 604 et
1574 572 1745 605 infamiam
1771 573 1840 614 pati
1866 573 1954 606 nolle
1973 583 2034 615 pro

212 628 351 663 florenis
374 629 464 662 mille
489 629 568 662 boni
593 631 664 662 auri
690 632 723 663 et
748 631 826 664 iusti
852 632 1023 673 ponderis,
1050 635 1082 665 et
1107 634 1242 665 comuni
1269 634 1496 667 extimacione
1521 636 1553 667 et
1577 636 1766 668 comuniter
1793 637 1922 668 tantum
1948 637 2033 668 exti-

175 739 184 742 η
213 692 295 726 mari
319 692 472 732 debetur,
497 701 599 733 quam
636 693 774 734 quidem
814 695 1075 728 extimacionem
1117 696 1258 737 predicti
1299 697 1458 729 dominus
1498 696 1616 730 Abbas
1641 679 1862 731 et⁷Can0nici
1903 699 2031 731 eisdem

143 763 149 774 '¹
212 753 319 789 Priori
342 756 375 787 et
399 754 572 787 Fratribus
597 756 671 788 sive
695 756 787 788 dicto
811 766 927 789 eorum
953 758 1085 790 sindico
1110 760 1142 791 et
1167 759 1376 800 procuratori
1401 760 1493 799 dare,
1507 760 1640 792 solvere
1657 762 1689 793 et
1706 761 1880 793 restituere
1897 769 2034 793 recusa—

213 819 332 850 verunt
356 818 389 850 et
413 817 514 850 hodie
539 820 705 850 recusant.

129 870 132 875 ¹
299 879 379 912 Item
404 880 527 912 asserit
551 880 663 913 dictus
689 880 855 914 Iohannes
880 882 972 914 dicto
997 883 1181 915 sindicario
1206 886 1238 916 et
1263 885 1496 925 procuratorio
1521 885 1666 924 nomine,
1681 885 1772 926 quod
1791 885 1871 917 dum
1891 885 2032 918 illustris

126 932 157 986 ῑ
211 942 372 985 princeps
396 944 429 975 et
453 943 656 985 magnificus
681 944 841 977 dominus
867 945 1026 977 dominus
1052 947 1166 978 noster
1191 946 1315 987 deponi
1341 946 1480 979 fecisset
1504 956 1616 988 penex
1650 947 1824 980 dominum
1858 947 2032 990 Fedrigol-

210 1004 278 1037 lum
303 1005 345 1037 de
369 1003 501 1038 Solerio
526 1007 650 1038 certam
676 1007 820 1047 pecunie
846 1007 1079 1048 quantitatem,
1116 1009 1379 1049 expendendam
1405 1009 1437 1040 in
1464 1009 1639 1042 utilitatem
1665 1010 1754 1042 dicte
1792 1010 1947 1049 ecclesie,
1973 1011 2031 1051 qui

210 1066 368 1100 dominus
394 1066 582 1100 Fedriollus
608 1069 687 1100 tunc
712 1069 875 1109 temporis
901 1069 1075 1102 habitabat
1100 1070 1132 1102 in
1158 1070 1249 1103 dicto
1275 1072 1468 1110 monsterio,
1505 1072 1643 1112 quidam
1679 1071 1779 1104 frater
1817 1071 2030 1114 Augustinus

179 1129 254 1163 -de
277 1128 396 1163 Cumis
420 1131 606 1163 canonicus
631 1131 784 1163 eiusdem
811 1133 1016 1172 monasterii,
1042 1133 1084 1165 de
1109 1133 1268 1166 mandato
1293 1135 1328 1166 ut
1352 1134 1475 1166 dicitur
1499 1134 1617 1175 prefati
1654 1135 1780 1166 domini
1818 1134 1962 1167 Abbatis
1999 1137 2031 1167 et

126 1178 135 1183 Α
209 1190 470 1232 Canonicorum,
485 1193 607 1226 furtive
631 1194 771 1226 abstulit
796 1195 905 1236 ipsam
932 1195 1110 1236 pecuniam
1137 1196 1289 1236 predicto
1307 1196 1445 1228 domino
1463 1196 1642 1236 Fedriollo,
1660 1197 1899 1229 ascendentem
1917 1198 2030 1230 circha

126 1247 149 1290 ss:
207 1254 356 1288 florenos
381 1264 454 1295 sex,
479 1256 511 1287 in
538 1256 713 1289 utilitatem
739 1257 888 1298 predicte
914 1258 1056 1290 ecclesie
1083 1260 1117 1290 ut
1141 1258 1262 1290 dicitur
1287 1259 1546 1298 convertendos,
1583 1269 1685 1300 quam
1722 1260 1859 1300 quidem
1885 1261 2027 1302 pecunie

139 1307 142 1310 “
208 1318 429 1359 quantitatem
454 1318 596 1359 predicti
622 1319 782 1351 dominus
815 1318 934 1352 Abbas
959 1322 991 1352 et
1016 1318 1179 1352 Canonici
1218 1329 1326 1361 usque
1351 1329 1439 1353 nunc
1464 1321 1496 1353 in
1523 1321 1697 1354 utilitatem
1735 1322 1844 1363 ipsius
1880 1321 2025 1355 ecclesie

115 1389 132 1414 1
208 1380 405 1422 expendere
430 1383 673 1414 recusaverunt
697 1383 730 1414 et
755 1382 855 1414 hodie
881 1384 1048 1419 recusant,

134 1430 142 1438 '⁷
297 1442 376 1475 Item
401 1444 523 1476 asserit
546 1444 659 1476 dictus
684 1444 851 1477 Iohannes
876 1445 968 1477 dicto
992 1445 1176 1477 sindicario
1201 1447 1233 1478 et
1258 1446 1488 1487 procuratorio
1517 1447 1662 1486 nomine,
1687 1447 1779 1488 quod
1805 1447 2028 1488 suprascripti

205 1505 367 1538 dominus
391 1504 510 1538 Abbas
535 1508 567 1539 et
592 1504 757 1539 Canonici
784 1515 894 1548 usque
920 1516 1008 1539 nunc
1034 1510 1276 1540 recusaverunt
1300 1510 1332 1540 et
1357 1508 1458 1540 hodie
1495 1510 1652 1541 recusant
1687 1509 1815 1541 eisdem
1851 1508 1957 1541 Priori
1995 1511 2027 1541 et

206 1565 380 1600 Fratribus
405 1568 552 1601 vendere
577 1570 610 1601 et
634 1569 871 1601 vendicionem
911 1568 1021 1601 facere
1045 1569 1088 1602 de
1112 1570 1261 1610 quodam
1297 1570 1474 1609 sedimine,
1499 1571 1660 1612 contiguo
1696 1570 1856 1603 domibus
1892 1570 2027 1603 Domini

206 1630 325 1669 nostri,
349 1630 540 1663 tabularum
565 1631 756 1673 sexaginta.

112 1732 124 1743 Ὗ
296 1691 375 1725 Item
401 1692 443 1725 de
469 1702 534 1725 una
558 1693 624 1726 alia
649 1694 746 1735 pecia
771 1694 958 1733 sediminis,
983 1694 1185 1736 perticarum
1211 1695 1458 1737 quinquaginta
1494 1697 1648 1736 quatuor,
1674 1695 1834 1737 contigua
1870 1695 2025 1727 sedimini

205 1755 450 1796 suprascripto,
475 1755 602 1797 quibus
627 1756 787 1789 coherent
811 1756 855 1789 ab
881 1765 947 1789 una
972 1758 1066 1798 parte
1091 1757 1232 1798 predicti
1259 1757 1390 1790 Fratres
1415 1759 1447 1790 et
1472 1758 1515 1790 ab
1540 1757 1615 1790 aliis
1641 1757 1827 1799 prelibatus
1861 1756 2028 1790 Dominus

148 1819 149 1822 ’
206 1819 330 1857 noster,
356 1818 451 1851 iuxta
474 1818 616 1851 formam
641 1819 822 1861 privillegii
848 1819 977 1852 eisdem
1003 1818 1110 1851 Priori
1135 1821 1168 1852 et
1186 1819 1357 1852 Fratribus
1382 1820 1537 1852 concessi
1564 1822 1598 1852 ut
1623 1820 1834 1861 premittitur,
1852 1820 1944 1861 quod
1960 1820 2024 1862 ipsi

204 1878 332 1912 domini
357 1879 453 1912 Prior
477 1882 509 1913 et
533 1878 667 1914 Fratres
691 1882 798 1923 parati
824 1881 959 1914 fuerunt
983 1883 1014 1914 et
1039 1882 1140 1914 hodie
1165 1884 1243 1914 sunt
1267 1882 1377 1914 eidem
1402 1881 1526 1914 Abbati
1553 1884 1583 1914 et
1609 1880 1793 1915 Canonicis
1826 1882 1959 1914 solvere
1996 1884 2027 1914 et

204 1941 401 1975 satisfacere
436 1942 479 1975 de
515 1943 632 1984 precio
668 1944 839 1986 condigno
867 1944 1019 1985 ipsorum
1055 1944 1269 1984 sediminum,
1306 1944 1495 1976 secundum
1532 1944 1673 1976 formam
1714 1946 1745 1976 et
1781 1944 2027 1976 continenciam

205 2003 472 2046 privillegiorum
497 2006 619 2038 summi
644 2005 830 2039 Pontificis.

110 2103 118 2115 ,V
293 2066 372 2100 Item
397 2068 489 2109 quod
515 2068 596 2101 dicti
622 2067 741 2101 Abbas
767 2071 799 2101 et
824 2067 1019 2110 Capitulum
1046 2070 1078 2101 et
1103 2078 1177 2101 cum
1204 2067 1363 2110 Capitulo
1389 2069 1539 2110 predicto
1575 2077 1657 2109 sepe
1691 2070 1722 2100 et
1758 2068 1875 2109 sepius
1911 2070 2027 2101 contra

177 2144 183 2150 ·
205 2129 332 2162 dictum
358 2130 584 2172 privillegium
621 2132 892 2170 commisserunt,
917 2133 949 2164 et
974 2133 1216 2164 recusaverunt
1241 2133 1272 2163 et
1298 2132 1454 2163 recusant
1490 2130 1672 2163 cellebrare
1698 2132 1730 2163 et
1755 2130 1940 2172 adimplere
1977 2131 2028 2163 di—

205 2191 284 2225 vina
308 2194 341 2225 et
364 2192 431 2225 alia
455 2192 578 2232 officia,
603 2193 645 2226 ad
671 2202 738 2235 que
763 2195 918 2226 tenentur
942 2194 1131 2226 secundum
1150 2193 1299 2235 regulam
1317 2202 1413 2226 suam
1432 2195 1463 2226 et
1480 2193 1669 2226 secundum
1687 2193 1927 2225 continentiam
1945 2194 2024 2226 dicti

204 2253 385 2297 privilegii,
410 2257 443 2288 et
467 2264 527 2297 per
551 2264 768 2297 consequens
793 2256 835 2288 de
861 2257 931 2288 iure
957 2265 1068 2288 carere
1093 2256 1217 2288 debent
1242 2257 1274 2288 et
1298 2256 1423 2297 privari
1449 2255 1575 2288 debent
1599 2255 1864 2288 comoditatibus
1889 2257 1921 2288 et
1940 2256 2029 2288 utili-

203 2317 331 2350 tatibus
354 2317 397 2350 de
422 2318 549 2359 quibus
573 2318 606 2350 in
631 2318 732 2351 dictis
758 2318 946 2360 privilegiis
970 2320 1002 2351 et
1027 2319 1059 2350 in
1085 2318 1212 2360 regulla
1249 2319 1400 2359 ipsorum
1425 2318 1462 2350 fit
1486 2318 1628 2357 mencio,
1647 2319 1678 2350 et
1696 2318 1842 2351 maxime
1860 2319 1940 2359 quia
1966 2327 2027 2360 pro

204 2380 298 2420 parte
322 2387 384 2412 sua
409 2388 476 2412 non
501 2380 783 2422 adimpleverunt,
808 2389 868 2413 nec
892 2381 1089 2422 adimplent,
1114 2389 1154 2413 ea
1177 2381 1220 2413 ad
1246 2389 1312 2422 que
1337 2382 1491 2413 tenentur
1515 2382 1547 2412 et
1571 2380 1698 2412 astricti
1734 2380 1868 2413 fuerunt
1893 2382 1924 2413 et
1948 2382 2027 2413 sunt

99 2431 124 2479 s,
142 2485 143 2489 Ἰ
204 2441 414 2483 temporibus
439 2443 624 2475 retroactis.

293 2502 406 2543 Quare
431 2513 506 2537 cum
531 2505 684 2546 predicta
709 2514 789 2538 vera
813 2506 890 2545 sint,
916 2506 1088 2547 predictus
1114 2505 1290 2544 lohannes,
1315 2505 1407 2537 dieto
1432 2505 1616 2537 sindicario
1642 2505 1788 2544 nomine,
1814 2505 1883 2547 agit
1908 2507 2024 2538 contra

204 2567 472 2609 suprascriptum
498 2566 672 2600 Stefanum
697 2568 788 2601 dicto
812 2569 995 2601 sindicario
1035 2569 1180 2608 nomine,
1205 2570 1237 2601 et
1262 2568 1344 2610 petit
1368 2570 1400 2600 et
1424 2568 1564 2609 requirit
1587 2576 1606 2600 a
1632 2567 1732 2600 vobis
1772 2567 1910 2600 domino
1947 2567 2027 2609 Epi-

205 2636 312 2671 scopo
337 2630 492 2672 delegato
516 2630 697 2670 antedicto,
722 2632 890 2672 quatenus
915 2640 976 2673 per
1000 2640 1063 2664 vos
1088 2633 1120 2664 et
1145 2640 1187 2664 ex
1213 2631 1315 2663 vestri
1347 2630 1460 2663 officio
1485 2633 1517 2663 et
1542 2639 1602 2672 per
1626 2632 1773 2663 vestram
1811 2630 2024 2663 diffinitivam

205 2693 412 2725 sentenciam
437 2694 471 2725 et
494 2693 584 2725 omni
610 2693 712 2725 modo
736 2702 805 2734 quo
830 2693 951 2726 melius
976 2694 1128 2735 possitis,
1169 2693 1411 2735 pronuncietis,
1448 2693 1664 2725 sentencietis
1700 2694 1732 2725 et
1768 2693 2026 2734 condempnetis

206 2753 391 2795 predictum
416 2753 590 2788 Stefanum
615 2755 707 2788 dicto
731 2755 914 2788 sindicario
939 2756 1085 2795 nomine,
1110 2758 1141 2788 et
1159 2765 1219 2797 per
1243 2756 1355 2797 ipsum
1380 2755 1491 2788 dictos
1516 2755 1674 2787 dominos
1699 2754 1878 2791 Abbatem.
1912 2753 2026 2788 Cano-

205 2815 300 2849 nicos
324 2818 356 2849 et
379 2814 574 2858 Capitulum
599 2817 642 2850 ad
668 2817 923 2857 restituendum,
948 2817 1162 2857 solvendum,
1187 2820 1219 2850 et
1244 2817 1394 2850 dandum
1420 2817 1530 2849 eidem
1549 2816 1699 2856 Iohanni,
1725 2817 1815 2850 dicto
1840 2817 2024 2850 sindicario

205 2878 350 2918 nomine,
373 2880 406 2912 et
430 2888 491 2921 per
514 2880 626 2921 ipsum
651 2880 751 2912 dictis
775 2879 923 2912 dominis
947 2879 1065 2919 Priori,
1091 2879 1263 2912 Fratribus
1280 2881 1311 2912 et
1329 2877 1532 2918 Conventui,
1558 2879 1771 2911 medietatem
1796 2888 2023 2921 expensarum

205 2949 266 2983 per
288 2936 384 2983 ipsos
409 2941 541 2976 Fratres
566 2945 601 2976 ut
626 2942 827 2984 premittitur
849 2942 1012 2975 factarum
1037 2951 1099 2984 pro
1123 2944 1242 2975 ornatu
1267 2944 1300 2975 et
1325 2942 1466 2974 utilitate
1499 2942 1588 2974 dicte
1624 2942 1770 2975 ecclesie
1794 2944 1826 2975 et
1851 2951 1912 2984 pro
1947 2942 2025 2974 aliis

205 3004 321 3037 causis
344 3005 524 3038 antedictis
548 3007 582 3038 et
604 3005 647 3038 de
672 3005 798 3047 quibus
837 3013 941 3047 supra
965 3006 1001 3038 fit
1025 3005 1161 3044 mentio,
1185 3006 1218 3037 et
1242 3006 1370 3038 tantum
1395 3004 1474 3046 plus
1498 3006 1530 3037 et
1555 3005 1666 3037 minus
1705 3006 1868 3046 quantum
1893 3005 2022 3038 eisdem

205 3066 343 3100 domino
367 3066 503 3108 Abbati,
539 3065 722 3101 Canonicis
746 3070 779 3101 et
803 3066 963 3110 Capitulo
986 3067 1029 3100 de
1053 3067 1124 3100 iure
1157 3069 1299 3109 spectat,
1323 3076 1363 3100 ac
1388 3067 1496 3100 eciam
1521 3067 1563 3100 ad
1589 3067 1738 3100 dandum
1764 3069 1795 3100 et
1820 3067 2022 3100 solvendum

204 3130 239 3162 et
261 3129 504 3163 restituendum
530 3139 591 3172 pro
626 3130 845 3163 extimatione
882 3130 1000 3163 iniurie
1024 3131 1056 3163 et
1091 3129 1227 3163 intamie
1262 3129 1392 3163 eisdem
1429 3131 1464 3162 ut
1499 3129 1700 3171 premittitur
1736 3130 1885 3162 indebite
1922 3129 2022 3166 illate,
