2496 3600
1942 253 2003 285 175

275 380 310 414 In
334 380 453 422 primis
487 380 625 421 quidem
660 389 766 422 super
799 382 961 422 petitione
996 382 1106 424 primo
1141 382 1216 415 loco
1248 382 1401 415 exhibita
1424 383 1458 415 et
1481 383 1648 424 producta
1679 392 1792 415 coram
1817 384 1917 416 nobis
1942 393 2004 425 pro

129 482 140 495 Δ,
188 445 282 487 parte
305 442 532 485 predictorum
557 442 685 475 domini
709 443 855 482 abbatis,
879 444 1119 477 canonicorum
1145 445 1178 477 et
1201 445 1393 477 conventus
1417 443 1451 477 S.
1477 443 1578 484 Petri,
1607 446 1724 478 contra
1751 445 2006 487 suprascriptos

116 497 163 551 ξ
187 505 343 549 priorem,
366 504 487 537 fratres
511 506 544 537 et
567 506 773 537 conventum
799 503 832 538 S.
858 504 1051 547 Augustini,
1076 515 1137 539 seu
1162 515 1279 539 eorum
1304 507 1485 548 syndicum
1510 516 1626 540 eorum
1662 507 1808 547 nomine,
1845 508 2006 540 condem-

115 558 141 569 ⁷¹
187 576 308 602 namus
331 569 364 600 et
387 567 634 600 condemnatos
658 568 923 609 pronunciamus
948 568 1058 601 dictos
1082 569 1227 610 priorem
1253 570 1285 601 et
1309 569 1430 602 fratres
1465 570 1497 602 et
1532 571 1735 602 conventum
1765 568 1799 603 S.
1824 569 2004 612 Augustini

182 631 220 664 ret
242 629 368 663 dictum
394 628 575 662 Iohannem
612 638 728 662 eorum
764 630 942 671 syndicum
968 632 1000 663 et
1025 632 1276 672 procuratorem
1313 641 1427 664 eorum
1464 632 1610 671 nomine,
1635 631 1678 664 ad
1704 633 1949 665 restituendum
1975 634 2007 665 et

187 691 336 726 dandum
371 692 471 724 dictis
495 690 536 724 D.
562 691 698 731 Abbati,
734 690 919 725 Canonicis
943 695 975 725 et
999 694 1181 726 conventui
1218 694 1412 727 monasterii
1438 693 1471 727 S.
1497 693 1597 734 Petri,
1623 703 1683 727 seu
1709 695 1800 728 dicto
1833 693 2006 736 Stephano

187 763 302 789 eoru-m
327 754 460 787 sindico
485 755 518 787 et
541 755 762 796 procuratori,
787 764 902 787 eorum
928 756 1123 797 syndicario
1147 758 1179 789 et
1203 757 1435 798 procuratorio
1460 757 1606 797 nomine,
1632 757 1866 799 infrascriptas
1902 758 2007 799 pecu'-

187 817 327 856 uiarum,
352 825 413 849 seu
436 816 640 848 florenorum
666 818 698 849 et
722 826 830 849 rerum
856 817 997 850 aliarum
1021 819 1228 859 quantitates
1253 828 1314 860 pro
1339 819 1550 852 funeralibus
1567 821 1600 852 et
1616 819 1794 861 obsequiis
1812 819 2008 861 infrascrip-

132 882 142 910 ,ἵ
186 881 295 912 torum
330 887 511 920 corporum
547 878 758 920 sepultorum
783 879 874 920 apud
900 879 1024 912 dictam
1050 879 1239 913 Ecclesiam
1264 879 1297 913 S.
1323 880 1424 920 Petri,
1449 882 1516 913 tam
1542 890 1604 923 pro
1629 883 1735 923 parte,
1760 890 1848 923 quae
1874 882 2004 914 contin-

187 942 288 986 gebat
312 940 412 974 dictis
436 939 477 973 D.
502 939 638 980 Abbati,
665 939 849 974 Canonicis
874 943 906 974 et
931 943 1112 974 conventui
1138 941 1170 975 S.
1197 941 1296 982 Petri,
1321 952 1423 984 quam
1449 944 1578 976 ratione
1602 952 1689 985 pene
1714 943 1820 985 dupli,
1845 953 1887 976 eo
1911 944 2004 985 quod

125 1018 140 1036 u„-
188 1005 221 1038 in
244 1013 282 1037 se
307 1004 513 1036 retinuerunt
537 1004 570 1036 et
595 1005 846 1044 usurpaverunt
870 1003 961 1036 dicta
985 1003 1150 1036 funeralia
1175 1005 1207 1036 in
1233 1006 1339 1037 totum
1377 1007 1494 1038 contra
1530 1005 1739 1038 voluntatem
1765 1005 1844 1038 dicti
1870 1005 1911 1038 D.
1938 1005 2007 1038 Ab-

188 1067 287 1106 batis,
323 1064 573 1100 Canonicorum
611 1067 643 1098 et
679 1068 879 1105 conventus,
904 1068 936 1098 et
961 1066 1039 1099 dicti
1077 1076 1191 1099 eorum
1229 1067 1360 1109 syndici
1394 1069 1426 1100 et
1457 1068 1687 1109 procuratoris
1719 1077 1835 1100 eorum
1861 1069 2007 1108 nomine,

188 1129 368 1163 videlicet:

127 1171 136 1184 ‘⁷
275 1190 340 1224 Pro
364 1190 574 1224 funeralibus
598 1192 630 1223 et
654 1191 812 1232 exequiis
837 1191 963 1223 domini
989 1191 1128 1224 Luchini
1153 1192 1195 1224 de
1220 1191 1339 1224 Verme
1363 1192 1510 1225 florenos
1535 1193 1760 1235 quadraginta
1784 1193 1856 1226 auri
1874 1190 1935 1234 (1).

276 1253 342 1286 Pro
366 1253 576 1287 funeralibus
601 1254 728 1286 domini
754 1253 912 1286 Iohannis
937 1254 979 1286 de
1004 1253 1143 1295 Pepolis
1166 1254 1283 1287 floren.
1308 1255 1361 1287 80.

277 1315 343 1349 Pro
374 1316 584 1349 funeralibus
620 1316 747 1348 domini
785 1315 921 1350 Roberti
958 1316 1000 1349 de
1033 1316 1209 1349 Fronzolla
1233 1317 1385 1349 torticios
1410 1317 1615 1359 octuaginta,
1651 1317 1790 1350 valloris
1822 1318 2008 1350 solidorum

122 1398 136 1416 2.
189 1389 310 1414 novem
336 1379 550 1421 papiensium
576 1387 638 1420 pro
662 1378 824 1420 quolibet.

277 1442 357 1475 Item
383 1441 522 1484 pallium
560 1450 662 1473 unum
700 1440 909 1479 deauratum,
935 1440 962 1472 si
1000 1442 1101 1478 extat,
1139 1441 1224 1473 etsi
1263 1450 1328 1473 non
1365 1442 1468 1480 extat,
1505 1441 1577 1474 eius
1614 1441 1762 1474 valorem
1798 1442 1856 1483 qui
1889 1443 1940 1474 est
1976 1442 2008 1474 in

190 1514 321 1539 summa
344 1505 462 1537 floren.
487 1503 531 1536 20
555 1503 637 1536 auri.

277 1566 344 1599 Pro
367 1565 578 1599 funeralibus
603 1564 644 1598 D.
670 1565 798 1598 Lioneti
823 1565 866 1598 de
891 1564 1014 1607 Anglia
1038 1566 1183 1598 tortitios
1201 1565 1276 1605 500,
1294 1565 1420 1598 valoris
1438 1565 1625 1598 solidorum
1643 1565 1760 1598 decem
1793 1567 2008 1608 papiensium

189 1639 252 1672 pro
275 1629 438 1671 quolibet.

277 1691 357 1725 Item
382 1691 486 1734 pallia
510 1691 661 1733 quinque
686 1690 858 1730 deaurata,
883 1690 1009 1723 valoris
1033 1690 1148 1723 floren.
1175 1690 1227 1730 75,
1253 1691 1281 1723 si
1307 1691 1434 1730 extant,
1459 1692 1500 1730 et,
1526 1691 1554 1723 si
1581 1699 1647 1723 non
1673 1692 1800 1730 extant,
1818 1700 1932 1724 eorum
1950 1700 2011 1724 va-

186 1754 294 1788 lorem
319 1755 352 1787 in
377 1763 520 1794 summa,
545 1754 603 1795 qui
628 1755 681 1786 est
707 1753 769 1786 152
792 1753 909 1786 floren.

281 1817 360 1850 Item
385 1826 446 1859 pro
470 1816 680 1849 funeralibus
705 1816 880 1858 Magnifici
905 1814 946 1848 D.
972 1814 1098 1848 Galeaz
1122 1815 1238 1848 floren.
1264 1815 1364 1848 mille.

280 1879 360 1912 Item
385 1889 447 1921 pro
470 1878 682 1912 funeralibus
706 1877 747 1910 D.
774 1877 909 1911 Henrici
935 1877 1111 1910 Teotonici
1136 1878 1252 1910 floren.
1278 1877 1330 1910 35.

279 1941 346 1975 Pro
369 1941 580 1975 funeralibus
617 1941 791 1983 Magnifici
828 1940 1040 1973 Marchionis
1077 1940 1246 1973 Francisci
1271 1940 1416 1973 tortitios
1441 1940 1493 1979 60,
1519 1940 1646 1973 valoris
1671 1940 1856 1973 solidorum
1886 1941 1925 1973 10
1950 1946 2011 1981 pro

190 2005 353 2048 quolibet,
378 2005 407 2038 si
432 2005 560 2043 extant,
585 2005 628 2043 et,
654 2004 682 2037 si
708 2013 775 2036 non
801 2005 929 2042 extant,
954 2012 1069 2036 eorum
1095 2003 1255 2042 valorem,
1280 2003 1439 2035 videlicet
1465 2003 1620 2035 undecim
1649 2003 1808 2035 florenos.

279 2066 345 2100 Pro
370 2066 582 2099 funeralibus
618 2065 741 2099 Clerici
766 2066 809 2099 de
835 2065 992 2098 Lomazio
1016 2065 1060 2098 80
1083 2065 1239 2104 tortitios,
1265 2064 1391 2097 valoris
1427 2064 1614 2097 solidorum
1644 2065 1684 2097 10
1708 2073 1769 2106 pro
1794 2064 1956 2106 quolibet,
1982 2065 2010 2098 si

190 2131 318 2170 extant,
343 2131 386 2170 et,
411 2130 439 2162 si
465 2138 532 2162 non
557 2130 684 2168 extant,
709 2138 825 2161 eorum
851 2126 1012 2167 valorem,
1037 2127 1196 2160 videlicet
1224 2127 1263 2159 18
1285 2127 1402 2160 floren.

279 2191 359 2225 Item
385 2201 446 2234 pro
470 2191 680 2224 funeralibus
706 2191 821 2223 matris
846 2192 879 2223 et
904 2191 1022 2223 uxoris
1047 2189 1087 2222 D.
1113 2188 1244 2223 Gorutii
1270 2189 1416 2222 tortitios
1440 2189 1493 2229 80,
1519 2189 1646 2222 valoris
1671 2189 1856 2222 solidorum
1885 2190 1925 2222 12
1950 2198 2012 2230 pro

183 2255 353 2297 quolibet,
379 2255 407 2287 si
433 2256 561 2294 extant,
586 2255 629 2294 et,
654 2254 684 2286 si
710 2263 777 2286 non
803 2254 930 2292 extant,
955 2261 1071 2285 eorum
1097 2252 1258 2291 valorem,
1283 2252 1341 2293 qui
1366 2253 1418 2284 est
1442 2252 1475 2284 in
1501 2260 1634 2284 summa
1657 2252 1774 2284 floren.
1803 2252 1852 2284 15.

279 2317 359 2350 Item
385 2326 446 2359 pro
469 2317 612 2350 funerali
637 2315 678 2349 D.
704 2314 852 2358 Guelphi
877 2316 920 2348 de
945 2315 1122 2347 Maineriis
1139 2314 1279 2356 pallium
1298 2323 1400 2346 unum
1418 2314 1544 2346 valoris
1561 2314 1677 2347 floren.
1703 2314 1743 2347 10
1759 2314 1842 2353 auri,
1860 2314 1888 2347 si
1907 2315 2010 2353 extat,

190 2381 232 2420 et,
257 2381 286 2414 si
312 2389 379 2413 non
403 2381 507 2419 extat,
533 2380 607 2412 eius
632 2379 792 2418 valorem,
818 2378 978 2411 videlicet
1002 2378 1112 2410 dIctos
1136 2377 1285 2410 florenos
1309 2377 1438 2410 decem.

279 2443 358 2476 Item
372 2452 433 2485 pro
446 2442 657 2475 funeralibus
674 2441 716 2474 D.
730 2439 874 2474 Comitis
887 2439 1126 2474 Gebennensis
1139 2440 1284 2472 tortitios
1301 2439 1363 2472 100
1376 2439 1502 2472 valoris
1516 2439 1702 2472 solidorum
1721 2440 1760 2471 12
1773 2448 1834 2481 pro
1848 2439 2010 2480 quolibet.

280 2505 359 2539 Item
385 2505 525 2547 pallium
551 2513 653 2537 unum
679 2503 806 2536 valoris
830 2504 1034 2536 florenorum
1059 2503 1102 2535 25
1126 2502 1154 2535 si
1180 2503 1283 2541 extat,
1309 2503 1351 2542 et,
1377 2503 1405 2535 si
1431 2511 1498 2534 non
1524 2503 1626 2541 extat,
1663 2511 1777 2534 eorum
1803 2501 1951 2534 valorem
1977 2502 2010 2534 in

191 2577 334 2608 summa,
359 2569 417 2610 qui
439 2569 496 2601 -est
519 2567 564 2599 44
586 2567 801 2599 florenorum.

279 2631 358 2664 Item
384 2640 446 2673 pro
471 2630 613 2663 funerali
640 2630 740 2662 unius
766 2628 893 2671 Ungari
919 2627 1043 2661 mulam
1069 2636 1169 2660 unam
1195 2629 1227 2660 et
1252 2636 1360 2669 equos
1385 2627 1474 2660 duos
1499 2627 1625 2660 valoris
1653 2627 1716 2659 130
1738 2627 1953 2659 florenorum.

278 2693 358 2727 Item
383 2693 527 2726 tortitios
551 2693 596 2725 60
619 2691 746 2725 valoris
770 2691 957 2724 solidorum
986 2691 1025 2723 12
1049 2699 1110 2732 pro
1135 2689 1297 2732 quolibet,
1323 2690 1351 2722 si
1377 2691 1503 2728 extant,
1528 2691 1570 2728 et,
1595 2690 1623 2722 si
1650 2698 1716 2722 non
1741 2690 1868 2728 extant,
1893 2698 2008 2722 eorum

192 2756 351 2796 valorem,
376 2756 434 2798 qui
459 2757 511 2788 est
535 2755 568 2787 in
593 2763 726 2788 summa
754 2754 810 2786 141
838 2753 1053 2786 florenorum.

279 2817 358 2851 Item
383 2827 444 2860 pro
469 2817 680 2850 funeralibus
706 2817 806 2849 unius
830 2815 898 2848 filie
922 2815 1065 2848 illustris
1090 2814 1130 2848 D.
1157 2813 1301 2848 Comitis
1327 2814 1493 2847 Virtutum
1518 2813 1657 2856 pallium
1687 2822 1790 2846 unum
1816 2813 1943 2847 valoris
1967 2813 2010 2847 30

246 2974 277 3001 (1)
292 2975 353 2998 Data
366 2975 388 2998 ia
409 2975 514 2997 clausola
534 2975 571 2997 del
588 2975 640 2997 doc.
656 2980 678 2996 n.
693 2973 734 2996 ΧΧ
748 2979 762 2996 a
777 2979 830 3001 pag.
852 2973 922 3000 46-47,
943 2978 956 2994 e
977 2972 1033 2994 dato
1057 2972 1071 2994 ii
1125 2972 1139 2994 8
1153 2972 1239 2999 giugno
1255 2971 1313 2998 1391,
1331 2970 1494 2993 riconfermato
1509 2970 1578 2998 quale
1599 2969 1690 2998 giudice
1705 2975 1718 2992 e
1732 2971 1897 2992 conservatore
1912 2970 1947 2992 chi
1962 2976 2004 2992 ora

194 3011 246 3043 doc.
267 3026 290 3042 n.
311 3020 379 3048 xcu,
399 3021 442 3043 che
462 3021 476 3043 e
496 3020 638 3048 perentorio,
659 3019 733 3042 riesce
755 3020 889 3041 veramente
912 3017 1070 3045 inespiicabile
1124 3016 1251 3039 sentenzia.
1278 3015 1401 3038 Crediamo
1422 3015 1460 3042 poi
1482 3016 1617 3042 opportuno
1638 3014 1661 3036 di
1682 3015 1764 3037 notare
1785 3014 1816 3036 tin
1838 3014 1868 3036 da
1889 3014 2003 3042 principio

194 3066 278 3092 questa
291 3065 420 3092 condanna;
435 3070 448 3087 e
462 3065 536 3087 siamo
551 3065 638 3092 portati
655 3070 669 3086 a
688 3069 787 3091 pensare
805 3063 848 3085 che
866 3062 928 3084 forse
943 3067 989 3084 non
999 3067 1070 3084 senza
1111 3061 1153 3083 che
1177 3061 1260 3087 questa
1283 3061 1395 3082 sentenza
1418 3059 1442 3081 fu
1463 3059 1485 3081 in
1506 3059 1599 3087 seguito
1614 3058 1778 3081 radicaimente
1794 3058 1913 3081 ritormata
1928 3058 1958 3080 da
1973 3064 2003 3080 un

194 3109 291 3136 qualche
304 3110 399 3138 ragione
412 3110 428 3132 il
441 3109 537 3132 sommo
556 3109 675 3132 Pontetice
695 3114 741 3131 non
755 3113 837 3134 aveva,
858 3107 918 3129 coila
933 3106 994 3129 bolla
1008 3106 1068 3133 degli
1123 3105 1214 3132 giudice
1228 3104 1357 3132 superiore,
1371 3109 1437 3127 come
1451 3103 1571 3127 vedremo.
