2496 3600
1983 274 2030 334 ‚⁸⁷

222 413 335 447 actore
357 410 467 454 ipsius
491 411 692 450 conventus,
715 409 815 454 fratre
840 408 987 443 Antonio
1011 410 1054 443 de
1079 408 1275 450 Smeraldis,
1299 409 1399 443 tratre
1417 409 1564 443 Henrico
1580 410 1623 444 de
1640 409 1816 450 Vercellis,
1832 410 1932 443 fratre
1950 408 2032 443 Ber-

191 473 316 510 nardo
339 473 383 507 de
406 472 552 512 Toloxa,
575 472 676 506 fratre
702 471 826 506 lacobo
851 472 894 505 de
919 471 1079 515 Ungaria‚
1103 470 1204 506 fratre
1229 471 1354 505 Iacobo
1378 472 1421 505 de
1446 471 1672 515 Bassignana,
1696 472 1797 505 tratre
1815 471 1962 505 Iohanne
1977 472 2030 504 ‘de

184 535 399 579 μΒιιίίςεΙΠε,
433 534 534 568 fratre
569 534 716 568 Henrico
741 534 783 567 de
807 533 961 577 Bugella,
996 534 1097 568 fratre
1130 534 1345 568 Bertolameo
1381 533 1542 577 Georgio,
1578 534 1678 567 fratre
1715 533 1816 567 Petro
1841 534 1884 566 de
1908 532 2031 566 Castro

211 597 338 638 Plebis,
359 597 460 631 fratre
484 596 675 639 Aymoneto
699 597 741 630 de
767 596 941 636 Vercellis,
966 596 1066 630 fratre
1091 596 1308 630 Manfredino
1333 596 1375 630 de
1401 593 1592 630 Manf'redis
1608 598 1641 629 et
1657 596 1758 629 fratre
1776 595 1923 628 Iohanne
1940 594 2034 634 Qua-

211 661 335 695 liuta...
370 659 429 702 qui
464 660 544 692 sunt
578 667 698 692 omnes
733 658 854 692 fratres
893 659 1138 692 conventuales
1174 659 1255 693 dicti
1288 661 1478 693 conventus
1495 656 1557 700 (1),
1582 660 1728 692 ottenuto
1753 658 1778 691 il
1795 666 1965 700 permesso
2001 657 2037 689 di

147 707 176 747 ἶ
210 722 309 757 Fmte
335 721 512 755 Tommaso
535 720 650 754 Priore
675 719 837 754 Generale
860 721 893 754 in
917 723 1036 763 questa
1053 721 1185 764 forma:
1718 730 1721 732 ’

149 775 153 783 ’
300 783 414 818 Frater
437 782 594 816 Thornax
619 782 717 816 Prior
740 781 920 816 Generalis
944 782 1085 817 Ordinis
1120 783 1271 817 Fratrum
1308 784 1554 817 Heremitarum
1590 782 1705 817 Sancti
1739 781 1932 825 Augustini,
1957 767 2034 815 reli-

131 835 155 870 '³²
211 846 320 891 glosis
341 845 424 879 viris
448 845 550 888 priori
575 845 765 887 ceterisque
789 844 950 878 fratribus
981 847 1171 879 conventus
1195 845 1310 880 Sancti
1335 845 1516 888 Augustini
1541 845 1584 878 de
1608 845 1716 887 Papia
1740 844 1883 878 salutem
1909 844 1942 876 in
1966 842 2038 876 Do-

212 906 576 950 minosempiternam.
602 905 688 940 Cum
713 907 874 940 dominus
898 905 1106 941 Castellinus
1131 908 1173 941 de
1198 907 1360 941 Beccaria
1387 905 1440 949 (2)
1464 909 1557 950 petat
1581 916 1601 940 a
1625 908 1796 940 conventu
1825 908 1942 939 nostro
1977 914 2037 938 an—

212 970 338 1005 tedieto
361 969 627 1003 convencionem
652 969 824 1011 quandam
849 969 914 1002 sibi
938 970 1010 1002 fieri
1035 970 1078 1003 de
1103 970 1252 1012 quodam
1277 970 1394 1003 relicto
1418 979 1480 1012 per
1503 969 1677 1002 dominum
1702 968 1884 1002 Berninum
1902 968 1944 1000 de
1963 967 2038 1000 Ma-

214 1033 290 1067 letis
334 1031 432 1066 cuius
455 1031 675 1073 supradictus
699 1031 859 1064 dominus
884 1029 1080 1065 Castelinus
1097 1034 1149 1065 est
1166 1033 1343 1065 executor:
1359 1032 1438 1065 Ideo
1451 1033 1566 1065 tenore
1584 1028 1799 1074 presencium
1817 1030 2038 1064 concedimus

138 1081 162 1143 ’ζ’
214 1095 315 1129 vobis
339 1103 473 1128 omnem
498 1094 732 1126 auctoritatem
758 1095 908 1127 nostram
935 1096 970 1127 ut
994 1094 1137 1136 possitis
1162 1095 1344 1128 convenire
1371 1095 1445 1127 sive
1470 1094 1653 1127 vendendo
1677 1102 1739 1127 seu
1765 1093 1946 1126 alienando
1963 1093 2037 1125 sive

134 1143 169 1197 ’ἶ-
213 1156 454 1192 commutando
478 1158 578 1198 prout
603 1156 757 1189 videritis
781 1165 844 1198 pro
869 1156 960 1189 bono
985 1158 1176 1190 conventus
1200 1157 1375 1198 expedire,
1393 1157 1439 1190 ita
1455 1159 1568 1189 tamen
1594 1156 1686 1198 quod
1712 1155 1876 1197 quicquid
1895 1156 1936 1188 de
1955 1155 2037 1188 alie-

130 1225 162 1268 -Ῑζζ
215 1219 356 1254 nacione
381 1217 434 1252 vel
460 1218 662 1251 vendicione
688 1218 885 1258 habueritis,
911 1219 943 1250 in
969 1227 1038 1251 rem
1064 1218 1220 1252 stabilem
1246 1219 1473 1258 commutetis,
1498 1218 1591 1260 quod
1617 1219 1645 1251 si
1671 1226 1773 1251 secus
1798 1217 1923 1250 factum
1941 1217 2040 1250 fuerit

216 1283 250 1316 et
273 1290 342 1322 rem
367 1280 523 1314 stabilem
547 1290 615 1313 non
640 1281 799 1320 emeritis,
825 1281 988 1313 noveritis
1013 1289 1077 1313 vos
1102 1290 1225 1322 penam
1250 1281 1397 1314 carceris
1422 1281 1631 1313 incursuros.
1665 1280 1699 1312 ln
1724 1280 1823 1312 cuius
1852 1289 1910 1321 rey
1945 1279 2040 1312 testi-

216 1343 363 1378 monium
387 1342 536 1386 sigillum
561 1343 776 1386 generalatus
801 1342 903 1375 oiiicii
929 1343 1148 1384 presentibus
1172 1345 1224 1376 est
1248 1343 1456 1384 appositum.
1482 1341 1558 1375 Dat.
1585 1342 1690 1384 Papie
1716 1339 1768 1382 (3)
1792 1351 1882 1374 anno
1899 1340 2035 1373 Domini

216 1405 394 1440 millesimo
417 1405 648 1438 tricentesimo
672 1405 936 1447 quadragesimo
961 1407 1095 1445 octavo,
1120 1405 1175 1438 die
1200 1405 1334 1438 decimo
1359 1405 1488 1437 mensis
1513 1404 1614 1436 lunii:

303 1467 447 1501 Nomine
482 1467 741 1509 permutationis
765 1469 797 1500 et
821 1467 944 1500 cambii
969 1467 1080 1500 danao
1105 1467 1141 1499 al
1172 1467 1276 1500 nobili
1311 1466 1391 1499 Viro
1427 1467 1567 1499 domino
1603 1465 1779 1499 Castelino
1808 1466 1850 1498 de
1879 1464 2041 1498 Beccaria

123 1517 163 1568 fs
215 1529 286 1564 filio
308 1529 481 1572 quondam
506 1529 632 1562 nobilis
656 1529 772 1562 militis
807 1529 934 1562 domini
960 1529 1084 1562 Mussii
1111 1529 1153 1562 de
1178 1528 1320 1562 Becaria
1345 1529 1422 1562 illos
1455 1529 1578 1561 starios
1604 1528 1644 1560 16
1668 1528 1853 1570 papienses
1885 1527 2041 1559 iurmenti

130 1578 163 1639 ⁷5³
216 1590 350 1625 lasciuit·
370 1590 406 1624 al
427 1592 586 1623 convento
610 1590 655 1623 da
678 1590 821 1623 Bemr'no
845 1590 995 1623 Maletta.
1021 1590 1053 1623 E
1074 1590 1099 1623 il
1120 1590 1281 1624 Beccaria
1305 1591 1337 1623 in
1362 1599 1538 1632 compenso
1562 1589 1607 1623 dc'z
1631 1589 1667 1622 al
1689 1591 1847 1622 convento
1872 1597 1915 1621 ιιη
1932 1588 2043 1630 affitto

116 1639 162 1697 ef}
217 1653 255 1687 di
278 1653 320 1687 16
339 1653 428 1686 staia
451 1652 487 1686 di
502 1652 680 1694 smment0,
706 1652 766 1686 che
786 1662 808 1686 α
828 1652 876 1686 lui
893 1661 1033 1694 pagava
1056 1653 1139 1695 ogni
1161 1661 1248 1685 anno
1272 1661 1316 1685 un
1339 1652 1484 1686 Antonio
1503 1652 1619 1686 Ottom‘
1633 1651 1688 1685 del
1696 1651 1738 1693 fu
1755 1652 1871 1684 Masso
1884 1660 1947 1693 per
1961 1653 2040 1683 terre

131 1709 164 1766 ’fif'
206 1715 251 1762 'ln
276 1714 470 1750 Calubiano.
494 1714 571 1748 Not.
599 1713 693 1748 Giov.
719 1714 902 1748 Panrzzan·
925 1714 980 1748 del
995 1714 1038 1756 fu
1061 1714 1224 1756 Agostino
1249 1724 1267 1748 e
1293 1714 1456 1748 Giacomo
1480 1713 1614 1747 Privoli.

1024 1969 1028 1972 p
1047 1916 1209 1958 xL11.

145 2059 160 2063 ν
283 2017 458 2048 L'abbate
481 2017 622 2056 Filippo
647 2017 705 2048 dei
729 2017 940 2048 Lateranesi
964 2017 1083 2047 riceve
1108 2017 1154 2047 da
1178 2018 1269 2047 frate
1293 2017 1480 2047 Manfredo
1509 2016 1686 2046 Manfredi
1722 2016 1816 2053 degli
1846 2015 2043 2045 Eremitani

191 2079 194 2081 ’
217 2070 247 2103 il
266 2074 477 2110 pagamento
501 2070 538 2100 di
561 2070 629 2101 due
653 2071 759 2101 annui
783 2071 895 2102 censi.

811 2159 968 2193 1360,
987 2161 1334 2192 novembre,
1353 2159 1445 2185 23.

779 2237 856 2264 (Arch.
873 2238 895 2261 dl
910 2238 987 2266 Stato,
1002 2239 1091 2261 Milano
1106 2232 1132 2254 ’-
1146 2238 1253 2266 Pergam.
1269 2238 1291 2261 di
1306 2237 1331 2260 S.
1346 2237 1478 2266 Agostino).

287 2385 406 2504 Α
462 2404 542 2433 NNO
566 2409 586 2433 a
611 2401 785 2434 nativitate
810 2399 947 2433 Domini
971 2400 1152 2434 millesimo
1176 2400 1408 2434 tricentesimo
1444 2399 1741 2442 quinquagesimo,
1779 2385 1962 2430 lndicione*
1980 2399 2046 2430 ter-

451 2454 453 2456 *
485 2463 542 2503 tia,
567 2462 622 2495 die
648 2462 749 2502 lovis,
774 2463 942 2505 vigesimo
967 2463 1085 2504 quinto
1110 2463 1239 2496 mensis
1255 2462 1475 2502 Novembris,
1493 2462 1576 2494 hora
1594 2470 1693 2500 none,
1712 2461 1744 2493 in
1763 2459 1870 2502 Papia
1888 2460 2047 2492 videlicet

127 2559 146 2572 <.
171 2560 177 2562 ,
486 2524 520 2557 in
544 2524 694 2558 claustro
718 2524 864 2558 ecclesie
889 2523 1003 2558 Sancti
1028 2524 1118 2558 Petri
1144 2525 1176 2558 in
1202 2525 1277 2558 celo
1301 2534 1405 2558 aureo
1429 2524 1526 2557 aliter
1542 2524 1631 2557 dicte
1650 2522 1764 2556 Sancti
1783 2522 1951 2565 Agustini.
1971 2522 2045 2555 Fuit

175 2596 177 2598 ·
219 2585 400 2620 confessus
423 2586 583 2620 dominus
607 2586 710 2620 frater
732 2586 889 2629 Philipus
913 2586 976 2620 Dei
1001 2587 1110 2629 gratia
1133 2587 1243 2620 abbas
1272 2587 1467 2620 monasterii
1505 2585 1619 2619 Sancti
1656 2585 1745 2618 Petri
1771 2586 1803 2617 in
1830 2585 1904 2618 celo
1940 2593 2044 2618 aureo

131 2750 134 2753 Δ
275 2725 308 2753 (1)
321 2726 353 2749 La
367 2725 491 2750 Comunlta
505 2726 528 2749 di
543 2726 566 2749 S.
582 2727 696 2754 Agostino
710 2726 821 2754 adunque
843 2727 964 2754 constava,
979 2727 1002 2748 ln
1017 2727 1106 2754 questo
1157 2726 1267 2753 (Eremit.
1283 2733 1295 2749 e
1312 2727 1403 2750 Canon.
1420 2727 1493 2754 regol.
1510 2727 1535 2748 In
1550 2726 1624 2748 Pavra
1638 2726 1678 2748 nel
1693 2726 1772 2748 secolo
1787 2725 1850 2751 XIV,
1866 2726 1888 2747 in
1903 2725 1971 2748 Arch.
1983 2726 2041 2747 utor,

123 2765 137 2798 J
163 2779 165 2782 ·
220 2773 292 2798 ΔΜ,
305 2769 329 2792 dl
345 2770 370 2792 14
382 2769 512 2798 Sacerdoti.
535 2771 595 2794 oltre
609 2770 624 2792 il
639 2771 822 2798 proporzionato
832 2776 929 2793 numero
943 2770 966 2792 di
981 2770 1102 2793 Conversi.
1159 2771 1239 2794 Lomb.
1257 2771 1315 2798 1895,
1330 2772 1467 2798 settembre,
1487 2776 1540 2798 pag.
1558 2770 1591 2797 14)
1605 2771 1655 2797 che,
1670 2770 1692 2792 al
1707 2770 1824 2792 contrario
1839 2770 1876 2792 dei
1899 2770 2042 2797 Lateranest,

139 2826 142 2827 ν
189 2835 191 2838 ⁴
224 2812 249 2836 1ο
262 2818 316 2837 ena
329 2814 496 2842 prenominano
510 2814 620 2842 Religiosi
635 2815 748 2842 d'origine
763 2815 916 2842 piemontese,
931 2820 944 2836 e
958 2815 995 2837 cib
1016 2815 1100 2842 perche
1155 2815 1185 2843 gli
1202 2816 1326 2838 Eremltani
1342 2821 1384 2842 per
1398 2815 1419 2837 la
1433 2815 1484 2837 loro
1508 2815 1596 2842 origine
1605 2814 1645 2841 piu
1666 2814 1768 2836 dimessa
1789 2819 1896 2836 avevano
1917 2814 1978 2836 tatto
1999 2814 2036 2836 del

224 2857 241 2880 ΙΙ
253 2858 335 2881 nostro
348 2857 470 2882 Conventa
484 2865 524 2882 era
538 2859 617 2887 legato
637 2865 651 2882 a
673 2859 752 2886 quello
773 2859 796 2881 di
817 2859 976 2886 Annamatia,
998 2859 1040 2882 che
1062 2859 1102 2887 qui
1157 2859 1280 2882 Conventa
1295 2865 1326 2881 un
1340 2859 1442 2881 tocolaio
1457 2859 1479 2880 di
1495 2859 1650 2881 democrazla.
1667 2859 1682 2880 11
1697 2858 1740 2881 che
1761 2864 1786 2880 se
1809 2858 1879 2880 rende
1900 2858 1998 2886 agevole
2020 2859 2042 2880 la

224 2901 338 2926 namn
351 2902 359 2925 1
373 2903 426 2926 suoi
440 2903 555 2931 aennon,
569 2909 636 2926 come
650 2903 673 2925 la
687 2904 707 2926 si
724 2903 870 2926 mandavano
885 2903 891 2925 l
906 2903 991 2926 novlzii
1013 2903 1102 2930 pavesl.
1157 2904 1309 2931 spiegazione
1323 2903 1377 2926 dell’
1387 2903 1514 2931 ambiente,
1529 2903 1552 2925 in
1567 2903 1604 2925 cui
1619 2903 1658 2930 poi
1673 2903 1692 2925 si
1708 2902 1817 2930 svolgera
1840 2903 1930 2930 l'opera
1945 2903 1968 2925 di
1983 2903 2042 2926 frate

223 2945 338 2969 Abbi-mo
351 2947 425 2970 anche
439 2946 485 2970 due
499 2947 616 2975 stranieri,
630 2947 691 2970 irate
705 2947 825 2970 Bernardo
839 2947 944 2970 trancese
954 2953 966 2969 e
977 2947 1036 2969 irate
1051 2947 1104 2970 Gia-
1157 2947 1270 2970 Giacomo
1285 2947 1414 2974 Bussolari,
1430 2948 1482 2969 urta
1498 2946 1555 2975 ρει-ὸ
1570 2948 1652 2969 contro
1667 2947 1673 2969 i
1689 2947 1832 2970 documenti.

222 2994 292 3013 ωηο
304 2990 410 3014 tedesco.
423 2991 534 3014 Notinmo
548 2991 587 3019 poi
601 2993 638 3014 tre
653 2991 762 3019 Religiosi
777 2992 867 3019 paveni,
882 2991 932 3014 cioe
947 2991 1059 3014 Giacomo
1073 2991 1103 3013 da
1211 2991 1242 3018 (2)
1256 2991 1384 3014 castelline
1406 2991 1516 3014 Beccarta
1537 2997 1577 3014 era
1592 2991 1607 3013 il
1621 2990 1719 3019 signore
1734 2991 1757 3014 di
1773 2991 1853 3019 Pavta,
1868 2992 1911 3014 che
1925 2991 1960 3014 tra
1982 2997 2043 3019 poco

224 3032 367 3062 mmm
379 3033 576 3062 (mohabitmente
585 3035 622 3058 del
632 3035 704 3058 nobili
719 3035 862 3064 nerungen),
872 3035 932 3058 ttate
944 3035 1057 3058 Glovannl
1068 3035 1105 3058 dei
1160 3035 1272 3058 vedremo
1285 3035 1330 3058 alle
1344 3041 1414 3063 prese
1427 3041 1472 3058 con
1486 3035 1546 3058 frate
1560 3035 1673 3058 Olncomo
1687 3035 1816 3059 Bussolarl.

132 3096 142 3116 -.'
223 3077 295 3101 null
308 3077 442 3108 Bottlgella,
456 3085 470 3102 e
482 3079 543 3103 frate
557 3079 708 3103 Bartoiomeo
723 3079 760 3103 dei
774 3080 845 3103 nobili
856 3080 944 3108 Giorgi.
960 3080 1102 3102 L'elemento
1209 3079 1242 3106 (3)
1252 3080 1284 3102 La
1294 3085 1407 3107 presema
1415 3079 1438 3102 di
1446 3079 1507 3102 frate
1516 3079 1644 3102 Tornmaso
1654 3079 1806 3107 d’Argentina
1815 3080 1838 3102 in
1850 3079 1921 3102 Pavla
1931 3080 1950 3102 si
1961 3081 2043 3108 spiega

123 3150 125 3154 ι
146 3123 167 3158 2⁹⁴
223 3126 310 3150 uvae
323 3122 434 3151 adunque
447 3123 461 3146 ὲ
474 3124 598 3148 contitulto
612 3124 643 3147 da
656 3125 693 3148 tre
707 3125 804 3147 membri
819 3124 842 3147 dl
856 3124 958 3152 tamiglle
972 3124 1079 3152 patrlzle;
1089 3124 1105 3146 11
1159 3123 1198 3146 dal
1212 3123 1264 3147 doc.
1280 3129 1303 3146 n.
1318 3124 1418 3151 XXXlX,
1432 3123 1525 3147 avendo
1539 3124 1593 3152 egli,
1607 3124 1653 3147 due
1667 3124 1742 3152 glornl
1756 3124 1931 3152 prima,aperto
1945 3125 1960 3146 ll
1975 3124 2044 3151 Capi-

127 3164 151 3191 ζ
198 3185 200 3187 .
223 3164 268 3190 a·
279 3165 294 3190 ἃ
305 3167 439 3192 mario
451 3168 473 3192 sl
486 3168 546 3197 noti,
559 3168 683 3192 utendos!
696 3169 820 3192 aflermato
830 3168 868 3192 dal
879 3168 941 3192 Prot.
953 3168 980 3192 Ο.
992 3168 1105 3193 Romo
1158 3168 1209 3191 tolo
1222 3167 1246 3191 ln
1260 3167 1284 3191 S.
1301 3167 1425 3196 Azotum.
1902 3163 1907 3167 '
