2496 3600
477 361 617 398 Ordinis
642 362 897 404 Heremitarum,
922 363 965 398 ad
991 363 1247 406 requisitionem
1270 364 1304 396 et
1327 362 1592 405 postulationem
1627 361 1756 397 Prioris
1790 361 1982 404 Generalis,
2005 363 2084 400 vice
2106 364 2143 399 et
2162 363 2311 410 nomine

477 425 644 459 dictorum
669 425 882 459 dominorum
907 424 1052 459 Abbatis
1076 426 1109 459 et
1133 422 1384 459 Canonicorum
1420 423 1503 458 dicti
1537 423 1738 459 Monasterii
1762 423 1879 460 Sancti
1901 423 1993 461 Petri
2017 425 2052 460 in
2075 423 2162 461 Celo
2183 434 2301 468 aureo,

478 488 581 522 scribi
604 487 681 528 ieci,
705 489 738 522 et
762 487 877 523 habita
911 486 1064 530 diligenti
1099 486 1351 521 examinatione
1374 486 1418 521 de
1441 487 1591 530 presenti
1627 487 1851 523 instrumento
1885 496 1963 523 cum
1985 487 2055 523 alio
2077 488 2306 524 instrumento

478 551 684 593 pactionum,
709 549 811 584 nichil
836 549 953 583 addito
978 549 1011 582 in
1035 549 1168 589 eodem,
1185 550 1325 589 mutato,
1349 557 1411 583 seu
1435 548 1609 590 adiuncto,
1632 549 1698 585 nisi
1721 549 1864 585 forsitan
1880 551 2046 594 punctum
2062 550 2117 585 vel
2133 550 2303 592 sillabam,

478 622 544 655 que
570 613 602 646 in
628 611 788 646 nichilum
814 611 952 645 deviant
976 620 996 645 a
1020 611 1213 646 substantia
1237 611 1402 652 veritatis,
1426 619 1504 645 cum
1529 611 1738 646 invenissem
1761 621 1803 647 ea
1826 612 2036 647 concordare
2071 612 2152 647 huic
2175 613 2303 648 instru-

479 676 603 715 mento,
627 684 679 708 me
704 673 895 716 subscripsi
920 675 953 707 et
977 673 1077 717 signo
1101 682 1177 707 meo
1201 673 1336 716 signavi
1360 681 1401 707 ac
1425 673 1561 708 nomine
1585 673 1756 715 roboravi,
1779 673 1895 718 sigillo
1921 675 2093 709 autentico
2127 674 2210 710 dicti
2233 673 2306 711 Ge-

479 737 603 771 neralis
627 735 775 780 Capituli
801 736 1042 770 communitum
1067 736 1102 770 in
1126 736 1230 770 robur
1252 737 1285 770 et
1308 735 1539 770 testimonium
1563 737 1714 772 omnium
1737 737 1992 780 premissorum.
2352 732 2360 734 *⁷

1302 988 1476 1031 XXV.

2344 1047 2380 1069 ‚3

567 1096 813 1135 Disposizioni
848 1097 906 1128 del
942 1097 1106 1136 capitolo
1141 1097 1316 1129 Gener-ale
1340 1098 1377 1129 di
1401 1098 1559 1129 Venezia
1582 1107 1645 1138 per
1669 1098 1706 1130 la
1729 1098 1890 1130 fabbrica
1914 1099 1973 1130 del
1996 1099 2180 1132 convento
2204 1100 2242 1132 di
2265 1100 2306 1136 8.
2331 1108 2382 1126 v<

480 1150 657 1188 Agostino
679 1147 743 1192 (1).
2357 1153 2373 1162 ¹*

1104 1248 1258 1308 2332,
1277 1275 1516 1309 &lug-no,
1534 1275 1559 1302 1
1569 1287 1588 1298 u
1598 1275 1678 1302 12.

1096 1344 1236 1391 v(romum,
1251 1359 1326 1387 Secol.
1341 1363 1426 1392 Λευεί.
1440 1364 1487 1387 vol.
1502 1364 1531 1392 V,
1545 1370 1600 1392 pag.
1613 1365 1672 1392 ⁴85).

497 1499 499 1570 .
588 1547 638 1664 I
726 1567 808 1595 ΤΕΜ
833 1572 909 1596 cum
934 1562 998 1605 pro'
1020 1562 1170 1596 fomento
1195 1563 1383 1606 corporalis
1407 1564 1530 1606 capitis
1555 1564 1705 1598 membra
1729 1564 1865 1607 singula
1889 1573 1927 1598 se
1951 1567 2138 1607 exponant,
2162 1565 2356 1612 quiah-
2342 1553 2374 1577 ²³³²

749 1635 825 1659 cere
850 1625 932 1658 illud
958 1635 1020 1668 pro
1044 1626 1210 1668 spirituali
1236 1627 1347 1669 capite
1387 1627 1597 1670 peramplius
1621 1628 1666 1661 sit
1689 1636 1878 1661 consonum
1902 1628 2034 1669 rationi,
2066 1628 2254 1663 diffinimus
2273 1628 2349 1664 et

750 1689 921 1730 praesenti
947 1688 1157 1722 deffinitione
1182 1689 1366 1730 firmamus,
1391 1691 1561 1732 quatenus
1585 1690 1730 1732 quilibet
1753 1690 1851 1724 locus
1875 1691 1982 1725 nostri
2011 1689 2152 1725 Ordinis
2180 1655 2355 1753 ΙιαΜηδξ

481 1749 677 1790 quindecim
703 1750 846 1791 Fratres,
872 1751 926 1784 vel
952 1751 1052 1791 circa,
1077 1761 1139 1793 pro
1163 1752 1330 1786 aedificiis
1354 1754 1387 1785 et
1411 1753 1578 1786 territorio
1603 1752 1668 1786 loci
1694 1751 1854 1787 Doctoris
1878 1753 1994 1787 eximii
2011 1755 2045 1787 et
2061 1754 2185 1797 capitis
2201 1753 2349 1789 nostri

481 1812 688 1845 sanctissimi
713 1812 906 1855 Augustini,
932 1814 1175 1855 provisionem,
1199 1814 1301 1856 quam
1326 1816 1486 1848 taxamus
1510 1815 1543 1848 in
1567 1815 1744 1856 florenum,
1769 1815 1903 1850 solvere
1927 1817 2105 1850 teneantur
2127 1816 2312 1859 annuatim,

485 1881 594 1914 usque
619 1874 662 1906 ad
688 1874 878 1907 triennium.
916 1873 1117 1909 Conventus
1153 1885 1235 1909 vero
1271 1876 1403 1910 habens
1439 1876 1572 1910 Fratres
1597 1877 1630 1910 in
1655 1877 1804 1910 ulteriori
1840 1886 1982 1911 numero
2017 1877 2130 1912 solvat
2162 1875 2354 1913 florenos
2339 1907 2383 1937 ξ

485 1935 584 1975 duos,
609 1938 641 1968 et
666 1939 916 1979 consequenter
940 1938 1083 1980 quilibet
1108 1938 1223 1971 Frater
1254 1939 1360 1972 nostri
1385 1937 1526 1973 Ordinis
1562 1940 1674 1982 possit
1697 1940 1731 1973 in
1755 1940 1826 1973 vita
1861 1938 1972 1975 eidem
2008 1940 2086 1974 loco
2120 1941 2164 1975 de
2198 1940 2354 1987 bortis,
2353 1952 2383 1986 ξ,

481 1997 545 2030 sibi
572 1999 614 2031 ab
641 1997 770 2032 Ordine
797 2000 985 2040 concessis,
1011 2001 1200 2034 concedere
1226 2001 1314 2034 sicut
1338 2001 1521 2043 placet.1n
1546 2003 1652 2035 morte
1677 2011 1759 2035 vero
1795 2002 1876 2036 dare
1912 2003 2024 2045 possit
2047 2011 2158 2045 usque
2181 2003 2227 2038 ad
2249 2010 2332 2037 vo·-

483 2059 609 2093 lumina
635 2070 696 2103 pro
722 2061 858 2095 libraria
883 2064 915 2095 et
939 2063 982 2095 de
1007 2063 1083 2096 aliis
1108 2064 1222 2103 rebus,
1247 2072 1357 2106 usque
1394 2064 1438 2097 ad
1474 2064 1624 2097 valorem
1661 2065 1812 2107 quinque
1847 2065 2062 2099 florenorum.
2087 2065 2128 2099 Et
2151 2052 2355 2109 volumus}

482 2123 574 2163 quod
600 2122 736 2157 Priores
761 2123 996 2158 Provinciales
1021 2125 1169 2158 debeant
1194 2126 1339 2159 suadere
1364 2135 1426 2168 pro
1450 2126 1620 2159 adiutorio
1644 2127 1725 2160 dicti
1751 2126 1816 2160 loci
1841 2127 1915 2160 suis
1938 2127 2097 2161 subditis.

538 2280 569 2306 (1)
584 2279 674 2306 Questo
689 2280 830 2304 documento
844 2281 958 2305 dimostra
972 2283 1015 2305 che
1029 2283 1044 2305 il
1055 2282 1177 2306 Convento
1187 2283 1210 2305 di
1220 2282 1244 2306 S.
1255 2283 1370 2311 Agostino
1423 2283 1518 2305 l'anima
1533 2283 1570 2306 del
1584 2289 1663 2306 nuovo
1677 2283 1809 2312 Convento,
1822 2284 1883 2307 frate
1897 2284 2028 2312 Ouglielmo
2041 2284 2072 2308 da
2086 2284 2210 2312 cremum
2223 2283 2254 2308 ed
2266 2289 2309 2315 ιε-
2330 2275 2379 2312 ’,Γ

486 2325 508 2346 di
523 2324 595 2347 Pavia
609 2331 649 2347 era
663 2326 746 2348 tenuto
761 2326 820 2348 nella
835 2327 946 2349 massima
959 2328 1115 2355 importanza,
1130 2328 1160 2350 ed
1173 2334 1213 2350 era
1227 2334 1241 2350 a
1256 2333 1327 2350 cuore
1345 2328 1369 2350 di
1423 2328 1517 2356 giunge:
1532 2328 1603 2351 «Per
1617 2328 1762 2356 depositario
1777 2329 1837 2351 della
1851 2330 1954 2357 moneta,
1968 2329 2011 2352 che
2024 2329 2045 2352 si
2059 2329 2151 2352 doveva
2163 2328 2308 2353 enahim
2333 2323 2378 2362 ἧχ’

485 2371 548 2392 tutto
570 2370 584 2391 1’
593 2369 680 2392 Ordine
701 2371 743 2392 che
757 2377 812 2393 esso
826 2377 936 2399 sorgesse
957 2372 1081 2399 splendido
1096 2378 1108 2394 e
1123 2373 1199 2400 degno
1221 2372 1258 2395 del
1278 2372 1367 2400 grande
1421 2372 1452 2395 da
1466 2374 1528 2395 tutta
1542 2373 1565 2395 la
1579 2372 1698 2401 Religione
1713 2379 1754 2401 per
1767 2373 1791 2396 la
1804 2373 1917 2396 suddetta
1939 2373 2053 2402 hbbrioe,
2066 2374 2092 2396 fu
2105 2373 2235 2398 ‹ticulum›
2247 2373 2265 2399 11
2277 2373 2326 2404 Ρ,

486 2414 625 2441 Fondatore,
639 2414 661 2436 le
675 2415 712 2436 cui
727 2415 829 2442 gloriose
843 2416 934 2443 spogiie
949 2416 1072 2439 dovevano
1086 2417 1204 2439 riceverne
1219 2417 1283 2439 culto
1297 2423 1310 2439 e
1329 2422 1368 2439 cu-
1421 2417 1528 2440 Maestro
1543 2417 1657 2440 Giovanni
1671 2418 1745 2441 Guzzi
1767 2418 1833 2441 Molli
1847 2418 1910 2446 degl'
1924 2418 2024 2441 Incontri
2044 2419 2076 2441 da
2096 2418 2174 2447 sima,
2195 2418 2307 2447 religio-o

485 2457 570 2479 stodia.
586 2458 602 2479 il
618 2458 726 2481 TORELLi
741 2459 756 2481 1.
773 2465 792 2481 c.
807 2458 911 2482 riferisce
925 2460 967 2482 che
982 2460 1005 2482 in
1020 2462 1106 2487 questo
1125 2460 1234 2488 capitolo
1255 2461 1368 2484 Generale
1423 2462 1446 2484 di
1460 2463 1530 2484 santa
1543 2462 1618 2485 vita
1621 2462 1672 2485 Di
1686 2463 1718 2485 lui
1739 2463 1792 2485 vedi
1814 2469 1898 2491 presso
1918 2463 1942 2486 lo
1962 2465 2042 2486 stesso
2065 2463 2183 2492 Tum,
2205 2463 2254 2487 vol.
2274 2463 2321 2487 V.

484 2501 508 2523 fu
523 2502 667 2525 conferi-nato
681 2503 741 2525 nella
755 2509 799 2526 sua
813 2504 889 2526 carica
904 2510 946 2531 per
959 2510 990 2526 un
1005 2506 1071 2527 terzo
1085 2505 1184 2527 triennio
1198 2505 1268 2533 coluI,
1278 2506 1321 2528 che
1329 2511 1368 2528 era
1422 2513 1477 2534 pag.
1491 2507 1540 2530 514.
