2496 3600
1094 0 1102 7 “
1150 0 1151 3 ’
1177 0 1354 20 *ez-‘wzrassffss
1369 0 1868 23 jffifflfi‘UfiQ-ssiff?ria-{wzrvn-“ffivsmffl

479 254 542 288 182

475 388 602 430 quibus
627 390 744 422 contra
769 396 830 422 eos
855 388 922 421 lata
947 390 1018 421 erat
1041 388 1083 421 ad
1110 386 1330 421 Sanctitatem
1356 386 1510 420 Vestram
1536 389 1569 420 et
1593 385 1717 421 Sedem
1742 386 1988 430 Apostolicam,
2013 389 2046 422 in
2070 391 2235 432 quantum
2256 390 2300 424 de

475 451 546 484 iure
570 452 602 484 et
627 451 716 484 bona
741 451 989 484 consuetudine
1013 450 1056 483 ad
1082 449 1301 483 Sanctitatem
1327 448 1481 482 Vestram
1500 451 1532 482 et
1548 450 1591 482 ad
1609 450 1751 483 eandem
1770 448 1892 484 Sedem
1910 451 2075 493 appellari
2093 453 2222 494 posset,
2238 461 2301 495 ap-

474 513 645 555 pellatum.
672 513 705 546 ln
730 515 894 555 quantum
920 522 1001 546 vero
1026 513 1075 545 sic
1101 512 1265 554 appellari
1303 520 1369 544 non
1407 513 1536 553 posset,
1572 512 1779 554 appellatum
1804 512 1866 546 fuit
1890 513 1933 546 ad
1958 513 2086 547 dictum
2124 514 2298 548 dominum

475 574 684 617 Episcopum
711 575 946 608 novariensem
973 574 1265 616 subdelegantem,
1290 573 1348 615 qui
1373 574 1638 616 exequutionem
1663 575 1830 608 sententie
1853 574 1991 609 ferende
2017 576 2049 609 in
2066 576 2167 609 dictis
2184 577 2300 611 causis

475 637 653 670 dicebatur
677 637 742 670 sibi
769 645 975 676 reservasse,
993 638 1025 669 et
1043 636 1085 668 ad
1104 644 1353 678 quemcumque
1367 635 1469 669 alium
1485 636 1630 670 iudicem
1645 636 1687 670 ad
1701 645 1803 679 quem
1816 637 1906 670 dicta
1930 638 2170 680 appellationis
2193 647 2299 673 causa

474 699 595 732 melius
620 700 661 732 de
687 700 757 732 iure
781 699 1040 738 devolvebatur,
1065 700 1097 731 et
1121 698 1276 731 similiter
1300 698 1400 731 etiam
1419 698 1461 731 de
1479 697 1631 732 nullitate
1649 698 1878 739 reclamatum,
1892 702 1992 742 prout
2017 700 2049 733 in
2075 701 2299 735 instrumento

477 761 626 803 public0,
652 762 750 794 cuius
775 763 925 794 tenorem
951 761 1004 793 hic
1030 760 1154 793 habere
1178 760 1364 802 dignemini
1389 769 1451 802 pro
1476 760 1684 794 sufficienter
1707 769 1884 803 expresso,
1909 762 2075 796 seriosius
2099 763 2299 796 continetur.

562 822 627 861 Qui
654 824 813 856 dominus
839 823 1035 865 Episcopus
1060 823 1237 865 papiensis
1262 823 1295 855 in
1320 822 1463 856 termino
1487 822 1720 865 apostolorum
1737 820 1790 865 (1)
1814 824 2004 857 dandorum
2042 824 2145 858 dictis
2179 825 2300 868 appel-

474 886 633 925 lantibus,
659 886 690 918 in
717 887 880 927 quantum
906 885 948 918 ad
974 885 1100 918 dictum
1126 885 1386 927 subdelegatum
1411 885 1670 927 appellaverunt
1694 887 1726 919 et
1750 894 1888 919 causam
1925 887 2088 929 prosequi
2120 896 2234 921 coram
2258 897 2300 921 eo

474 948 609 987 vellent,
634 948 811 980 dilatorios
836 947 1014 989 apostolos
1051 947 1155 986 dedit,
1191 947 1277 980 alias
1313 947 1540 980 refutatorios.
1577 945 1644 986 Qui
1669 948 1829 981 dominus
1865 947 2061 991 Episcopus
2086 950 2301 984 novariensis

472 1012 644 1051 tamquam
671 1011 774 1042 iudex
801 1010 842 1043 ad
868 1019 970 1051 quem
996 1010 1038 1042 de
1063 1010 1153 1042 dicta
1178 1017 1282 1042 causa
1306 1009 1546 1051 appellationis
1571 1011 1603 1042 et
1627 1010 1801 1049 nullitatis,
1837 1010 1880 1044 ad
1914 1010 2107 1044 instantiam
2132 1011 2299 1045 dictorum

473 1071 617 1104 Abbatis
643 1074 674 1104 et
699 1070 900 1105 Conventus
925 1073 967 1105 ad
993 1072 1176 1105 nonnullos
1201 1073 1298 1104 actus
1322 1071 1446 1104 dicitur
1459 1072 1664 1113 procesisse,
1690 1071 1767 1106 licet
1790 1081 1853 1114 pro
1877 1074 1972 1115 parte
1989 1073 2155 1122 dictorum
2173 1073 2301 1108 Prioris

473 1136 503 1166 et
529 1133 729 1167 Conventus
754 1135 976 1176 exceptiones
1001 1134 1222 1167 declinatorie
1246 1133 1369 1167 fuerint
1394 1134 1570 1175 proposite
1595 1143 1708 1167 coram
1733 1143 1795 1168 eo:
1834 1135 1933 1168 cuius
1957 1144 2062 1169 cause
2085 1137 2211 1169 statum
2241 1137 2301 1170 ha-

475 1198 554 1229 bere
579 1198 764 1239 dignemini
791 1206 853 1239 pro
878 1197 1089 1230 sufficienter
1113 1205 1291 1239 expresso.

562 1259 648 1293 Cum
674 1262 798 1300 autem,
825 1260 1026 1293 Beatissime
1052 1259 1162 1300 Pater,
1187 1260 1268 1293 dicti
1294 1259 1390 1293 Prior
1414 1262 1446 1293 et
1470 1259 1670 1294 Conventus
1707 1269 1774 1293 non
1809 1263 1948 1303 sperent
1972 1261 2015 1294 de
2046 1261 2148 1295 dictis
2183 1262 2301 1296 causis

471 1332 576 1364 posse
602 1323 766 1364 consequi
793 1323 825 1355 in
851 1323 1006 1364 partibus
1031 1323 1164 1355 iusticie
1190 1322 1487 1364 complementum,
1512 1322 1726 1364 supplicatur
1750 1321 1926 1356 Sanctitati
1963 1322 2092 1363 Vestre‚
2117 1333 2180 1366 pro
2204 1326 2299 1367 parte

473 1386 668 1425 eorundem,
694 1386 751 1427 qui
777 1395 916 1418 causam
942 1386 1138 1418 huiusmodi
1164 1386 1197 1418 in
1223 1384 1374 1420 Romana
1410 1384 1524 1425 Curia,
1549 1386 1606 1418 ubi
1633 1386 1801 1419 iusticiam
1837 1387 2000 1428 prosequi
2037 1389 2186 1429 sperant,
2221 1396 2302 1431 pro-
2357 1374 2391 1415 ζ,

472 1449 569 1489 sequi
595 1449 802 1488 desiderant,
828 1451 1007 1490 quatenus,
1033 1450 1159 1481 attento
1195 1448 1288 1489 quod
1313 1448 1356 1480 ad
1382 1446 1601 1481 sanctitatem
1627 1447 1781 1482 Vestram
1806 1450 1839 1482 et
1870 1447 1993 1482 Sedem
2019 1448 2255 1492 Apostolicam
2278 1458 2300 1484 a

472 1511 562 1543 dicta
587 1511 753 1543 sententia
779 1512 888 1552 potuit
913 1511 1087 1553 appellari,
1114 1510 1233 1543 saltem
1259 1510 1316 1543 ubi
1341 1511 1466 1543 dictam
1492 1510 1756 1553 appellationem
1782 1520 1825 1544 ex
1851 1506 1941 1544 certa
1965 1512 2108 1545 scientia
2124 1512 2301 1547 admittere

471 1574 668 1615 dignemini,
694 1576 863 1615 quatenus
889 1582 1028 1606 causam
1053 1575 1085 1606 et
1109 1582 1234 1606 causas
1258 1573 1499 1615 appellationis
1524 1575 1556 1606 et
1580 1573 1743 1606 nullitatis
1769 1574 1963 1607 huiusmodi
1981 1583 2025 1607 ex
2042 1577 2133 1608 certa
2157 1575 2302 1609 scientia

471 1637 687 1669 admittentes
712 1638 745 1669 et
769 1637 902 1679 negocii
939 1636 1148 1678 principalis,
1185 1637 1391 1669 committere
1426 1636 1613 1679 dignemini
1639 1636 1671 1669 in
1697 1634 1800 1670 Curia
1835 1637 1935 1669 alicui
1971 1637 2014 1670 de
2046 1637 2300 1671 venerabilibus

471 1699 554 1732 viris
579 1699 727 1732 dominis
752 1699 976 1732 Auditoribus
1002 1698 1096 1732 Sacri
1122 1698 1248 1732 Palacii
1266 1707 1445 1732 causarum
1474 1699 1719 1732 audiendarum
1737 1700 1770 1732 et
1786 1699 1852 1732 fine
1870 1699 1986 1732 debito
2002 1699 2300 1744 terminandarum,
2339 1698 2343 1700 ’

474 1762 679 1794 coniunctim
705 1764 738 1794 et
763 1762 911 1802 divisim,
937 1762 1119 1795 summarie
1143 1763 1175 1794 et
1199 1762 1242 1794 de
1267 1761 1380 1803 plano,
1406 1762 1480 1794 sine
1505 1761 1647 1803 strepitu
1673 1763 1705 1794 et
1729 1762 1837 1804 figura
1862 1762 1989 1801 iudicii,
2025 1771 2102 1795 cum
2138 1762 2299 1797 omnibus

473 1825 546 1857 suis
572 1824 835 1866 emergentibus,
861 1824 1102 1863 incidentibus,
1127 1824 1413 1866 dependentibus,
1449 1824 1691 1857 coherentibus
1715 1825 1747 1857 et
1771 1825 1936 1857 connexis
1961 1826 1994 1857 et
2018 1833 2094 1857 cum
2131 1826 2300 1867 potestate

473 1887 598 1920 citandi
623 1887 735 1919 dictos
760 1886 928 1920 Abbatem
954 1889 986 1920 et
1011 1885 1226 1920 Conventum
1265 1887 1297 1918 in
1334 1885 1485 1921 Romana
1521 1885 1625 1920 Curia
1649 1888 1683 1920 et
1706 1889 1813 1926 extra,
1849 1887 1979 1920 tociens
2015 1887 2175 1929 quotiens
2210 1895 2300 1930 opus

471 1950 544 1989 erit,
570 1959 636 1982 non
662 1950 880 1982 obstantibus
906 1950 999 1991 quod
1025 1958 1129 1982 cause
1148 1949 1345 1982 huiusmodi
1364 1958 1431 1982 non
1449 1949 1517 1982 sint
1533 1949 1576 1982 ad
1595 1948 1780 1984 Romanam
1798 1947 1935 1983 Curiam
1953 1949 2113 1992 legittime
2128 1949 2300 1990 devolare,

472 2012 525 2044 vel
552 2013 584 2044 in
610 2021 650 2045 ea
674 2013 716 2045 de
742 2013 794 2045 sui
821 2014 940 2045 natura
965 2014 1023 2045 aut
1046 2012 1132 2045 alias
1156 2012 1340 2051 tractando,
1365 2012 1467 2044 dictis
1491 2011 1609 2045 litibus
1633 2012 1863 2054 pendentibus
1887 2021 2000 2045 coram
2035 2012 2126 2046 dicto
2161 2011 2301 2046 domiuo

472 2074 646 2117 Episcopo
671 2076 884 2114 novariense,
910 2076 942 2107 et
966 2075 1042 2107 aliis
1068 2075 1100 2107 in
1126 2075 1331 2108 contrarium
1357 2074 1469 2114 editis,
1494 2083 1710 2116 nequaquam
1734 2074 1963 2107 obstantibus.

565 2137 645 2170 Item
671 2138 830 2170 dominus
856 2139 972 2171 noster
997 2136 1091 2179 Papa
1116 2137 1216 2169 nobis
1242 2136 1448 2169 Francischo
1473 2136 1657 2179 Episcopo,
1681 2135 1984 2176 Cardinali‚1udici
2009 2138 2043 2170 et
2066 2137 2301 2171 commissario

474 2200 606 2241 prefato
632 2209 750 2232 omnes
776 2200 970 2232 huiusmodi
996 2208 1136 2232 causam
1162 2201 1194 2232 et
1219 2207 1354 2239 causas,
1371 2199 1404 2231 in
1422 2199 1512 2232 dicta
1525 2199 1752 2241 expositionis
1766 2198 1887 2232 cedula
1904 2200 2092 2238 contentas,
2110 2199 2188 2232 vive
2204 2199 2302 2233 vocis

473 2263 613 2295 oraculo
638 2263 807 2295 commisit
832 2263 1033 2301 audiendas,
1058 2262 1329 2304 cognoscendas,
1354 2261 1564 2295 decidendas
1588 2263 1621 2295 et
1644 2262 1710 2294 tine
1735 2262 1851 2294 debito
1875 2262 2116 2301 terminandas,
2141 2261 2303 2295 coniunc-

474 2326 532 2358 tim
558 2327 590 2358 et
614 2326 764 2364 divisim,
789 2326 971 2358 summarie
997 2327 1029 2357 et
1054 2325 1095 2357 de
1121 2324 1235 2366 plano,
1261 2325 1334 2357 sine
1359 2324 1501 2366 strepitu
1519 2325 1551 2357 et
1567 2325 1676 2366 figura
1693 2324 1807 2357 iudicii
1826 2333 1903 2357 cum
1921 2324 2081 2357 omnibus
2097 2325 2172 2357 suis
2195 2333 2303 2358 emer-

473 2389 645 2430 gentibus,
671 2388 911 2427 incidentibus,
937 2389 998 2420 etc.
1025 2386 1134 2420 Cuius
1160 2388 1297 2429 quidem
1323 2387 1575 2420 commissionis
1615 2387 1732 2430 vigore
1756 2396 1816 2428 per
1839 2395 1903 2419 nos
1939 2386 2096 2420 citatione
2120 2387 2164 2420 ad
2188 2388 2303 2429 partes

474 2451 622 2490 decreta,
648 2451 855 2483 constitutus
869 2459 981 2483 coram
997 2450 1097 2482 nobis
1111 2450 1271 2492 magister
1285 2449 1452 2482 lohannes
1465 2448 1651 2483 Scrivanus
1665 2449 1698 2481 in
1713 2448 1865 2483 Romana
1878 2447 1982 2482 Curia
1999 2458 2060 2491 per
2072 2449 2301 2485 venerabilem

475 2516 507 2546 et
532 2514 728 2556 religiosum
754 2514 862 2545 virum
889 2513 1037 2545 Fratrem
1063 2512 1218 2545 Boetium
1253 2512 1295 2544 de
1320 2511 1502 2545 Tolentino
1526 2509 1589 2553 (2),
1615 2513 1868 2554 procuratorem
1894 2511 2021 2544 Prioris
2045 2513 2078 2544 et
2102 2509 2303 2545 Conventus
2342 2513 2347 2516 >

531 2664 562 2689 (1)
577 2664 649 2687 Come
664 2664 676 2686 e
692 2665 757 2691 noto,
772 2664 802 2690 gli
818 2663 925 2691 apostoli
946 2668 1017 2684 erano
1038 2663 1129 2688 lettere,
1152 2668 1195 2684 con
1218 2663 1238 2684 le
1261 2662 1323 2689 quali
1345 2662 1360 2683 il
1415 2662 1438 2683 di
1454 2662 1525 2684 Pavla
1539 2662 1563 2684 in
1577 2663 1662 2689 questa
1677 2667 1757 2684 causa,
1773 2662 1790 2684 ll
1806 2662 1923 2688 Lam-Em,
1937 2667 1975 2689 ορ.
1995 2662 2035 2684 cit,
2050 2661 2126 2683 scrive
2143 2661 2187 2684 che
2207 2661 2252 2689 egil
2273 2660 2300 2684 lu

478 2709 571 2736 giudice
585 2715 600 2731 α
614 2715 660 2736 quo
674 2709 807 2730 dichiarava
822 2709 864 2730 che
878 2708 1029 2735 l'appellante
1043 2712 1117 2729 aveva
1142 2708 1279 2733 presentato
1300 2707 1364 2733 l'ap-

479 2754 541 2781 pello
557 2755 579 2775 in
594 2755 674 2780 tempo
689 2753 754 2780 utile,
770 2753 820 2775 cioe
835 2753 918 2774 dentro
933 2753 939 2774 l
954 2752 1013 2774 dieci
1028 2752 1102 2778 giomi
1117 2751 1178 2773 dalla
1200 2752 1327 2777 sentenza:
1351 2757 1364 2773 e

480 2799 560 2826 quindi
576 2799 598 2820 lo
613 2799 725 2820 abilitava
739 2804 753 2820 a
768 2798 910 2825 presentarsi
926 2797 948 2819 al
963 2797 1055 2824 giudice
1069 2796 1102 2818 ad
1115 2802 1192 2823 quem:
1207 2796 1213 2818 ἰ
1231 2796 1292 2823 quali
1311 2802 1368 2823 apo-

480 2845 548 2870 stoli,
563 2850 629 2865 come
644 2843 663 2865 si
679 2849 714 2870 sa,
736 2843 859 2865 dovevano
881 2842 942 2864 dalla
965 2843 1032 2869 parte
1056 2841 1198 2868 appellante,
1220 2842 1286 2862 sotto
1307 2846 1367 2868 pena

480 2888 709 2909 dell'annullamento
724 2887 888 2914 dell'appello,
903 2886 1037 2908 richiedersi
1059 2885 1142 2907 dentro
1163 2885 1190 2907 30
1208 2885 1282 2912 giorni
1304 2885 1366 2907 dalla

481 2932 537 2953 data
552 2932 706 2958 dell'appello
721 2931 862 2958 inter-posto.

535 2976 566 3002 (2)
580 2977 648 2998 Frate
663 2976 750 2998 Boezio
765 2976 794 2998 da
809 2976 934 2998 Tolentino
948 2976 1048 3002 seniore,
1064 2975 1159 3002 teologo
1180 2975 1316 3000 dottissimo
1337 2975 1366 2997 ed

482 3021 572 3047 insigne
587 3021 741 3047 predicatore,
757 3021 795 3042 dal
810 3021 915 3047 priorato
930 3020 952 3042 di
969 3020 1068 3047 Perugia
1083 3019 1106 3041 fu
1122 3020 1239 3042 chiamato
1254 3019 1290 3041 nel
1314 3019 1366 3042 1389

481 3071 496 3087 a
511 3065 720 3091 Viceprocuratore
739 3065 890 3091 dell'Ordine,
905 3065 927 3086 in
941 3070 1041 3086 assenza
1063 3064 1085 3086 di
1106 3064 1166 3086 irate
1187 3064 1315 3086 Tommaso
1336 3063 1366 3085 da

483 3109 551 3136 Todi,
567 3109 603 3131 cui
614 3115 724 3131 successe
735 3110 773 3135 poi
789 3115 855 3131 come
867 3109 1022 3131 Procuratore
1033 3109 1154 3132 Generale.
1171 3109 1204 3131 Ed
1219 3110 1327 3136 appunto
1341 3109 1364 3130 in

483 3156 570 3181 questa
589 3153 686 3181 qualita,
702 3154 746 3180 egli
762 3155 946 3180 rappresentava
961 3154 975 3175 il
991 3153 1071 3176 Priore
1080 3153 1109 3175 ed
1120 3154 1136 3175 il
1147 3155 1230 3175 nostro
1244 3153 1366 3175 Conventa

1419 2706 1575 2729 Procuratore
1589 2706 1703 2728 Generale
1717 2706 1763 2728 due
1777 2706 1848 2733 volte,
1863 2706 1885 2728 la
1899 2706 1974 2733 prima
1989 2705 2027 2727 dal
2043 2706 2095 2728 138⁹
2107 2706 2130 2727 al
2146 2705 2206 2732 laeh
2221 2706 2244 2728 la
2262 2710 2302 2728 ne—

1418 2751 1494 2773 conda
1508 2751 1546 2773 dal
1563 2751 1615 2773 1419
1627 2751 1650 2773 al
1667 2751 1725 2773 1424.
1741 2751 1790 2778 Ma,
1805 2756 1871 2773 come
1885 2750 1996 2773 vedremo
2011 2750 2049 2772 dal
2063 2750 2115 2772 doc.
2137 2750 2207 2772 dell'8
2220 2755 2300 2773 manu

1423 2796 1482 2823 1396,
1497 2796 1520 2818 in
1535 2797 1676 2823 quest'anno
1690 2802 1731 2818 era
1746 2795 1901 2818 Promatore
1915 2795 2029 2817 Generale
2042 2794 2102 2817 frate
2119 2794 2197 2818 Roeco
2211 2795 2242 2817 dn
2255 2794 2302 2818 Tc>

1422 2841 1518 2868 lentino,
1533 2841 1548 2862 il
1563 2841 1599 2863 cui
1614 2846 1683 2863 nome
1697 2846 1743 2863 non
1757 2840 1865 2863 vediamo
1879 2839 1939 2862 nella
1953 2839 2014 2861 serie
2028 2839 2065 2861 dei
2075 2839 2234 2866 Procuratori,
2243 2839 2303 2867 pub—

1421 2886 1506 2907 blicata
1521 2885 1560 2907 dal
1575 2885 1675 2911 lauteri,
1685 2890 1699 2906 a
1709 2889 1763 2911 pag.
1778 2883 1819 2906 m
1832 2889 1882 2910 seg,
1897 2883 1957 2905 della
1971 2883 2074 2905 secunda
2088 2884 2155 2910 parte
2165 2882 2302 2906 dewfirml

1420 2936 1505 2952 sacrae
1518 2929 1697 2957 augustimum.
1712 2928 1754 2951 Nel
1770 2928 1822 2950 lm
1835 2927 1895 2950 oltre
1915 2927 2042 2949 all’ufticio
2057 2927 2080 2949 di
2095 2927 2251 2949 Procul-arere
2263 2932 2303 2950 ιο-
2346 2918 2348 2920 *
2373 2920 2380 2928 ⁵
2389 2914 2398 2923 ⁵

1421 2976 1503 2997 stenne
1517 2974 1590 2996 anche
1605 2973 1684 3001 quello
1697 2973 1720 2995 dl
1735 2973 1828 2995 Vicario
1845 2973 1954 3000 generale
1976 2972 2036 2994 nella
2058 2972 2139 2994 Marca
2153 2965 2302 2999 T'revigiam,

1419 3025 1432 3042 e
1446 3019 1470 3041 fu
1485 3019 1558 3041 anche
1573 3019 1646 3041 eletto
1661 3017 1806 3040 Provinciale
1821 3017 1881 3039 della
1901 3017 1983 3038 marca
2006 3016 2134 3038 d'Ancona.
2159 3016 2209 3043 Egll
2232 3021 2302 3043 prae

1421 3065 1488 3091 parte
1503 3069 1569 3085 come
1583 3063 1678 3089 teologo
1692 3062 1714 3084 ai
1729 3061 1825 3084 Concilil
1840 3061 1863 3083 dl
1878 3060 1932 3083 Pisa
1942 3066 1955 3083 e
1965 3060 1988 3082 dl
2003 3059 2130 3087 Costanza,
2140 3066 2154 3082 e
2163 3060 2200 3082 nel
2212 3060 2264 3083 lm
2275 3059 2301 3082 fu

1420 3108 1458 3129 dal
1475 3107 1571 3129 Sommo
1586 3106 1706 3128 Pontetice
1720 3105 1824 3127 martino
1838 3105 1858 3127 v
1873 3105 1946 3127 eletto
1959 3104 2191 3126 all'Arcivescovato
2205 3103 2228 3126 dl
2243 3103 2301 3126 Rodi

1421 3152 1541 3178 (Colossi).
