2496 3600
1986 209 2048 241 115

227 333 349 373 nudus.
373 342 513 376 pauper,
538 334 709 376 ignobilis,
734 334 834 367 novis
858 336 891 367 et
913 335 1076 369 inauditis
1100 336 1230 369 artibus
1253 337 1466 379 tyrannidem
1491 339 1665 379 occupasti
1691 341 1722 371 et
1747 348 1834 380 quae
1853 340 2049 382 Longobar-

227 396 346 432 dorum
370 397 499 440 Regum
523 397 696 439 quondam
732 398 825 439 regia
859 397 977 438 fuerat,
1014 407 1103 432 nunc
1126 399 1173 431 tui
1199 399 1328 441 imperii
1354 400 1455 432 sedes
1480 402 1541 433 est.
1568 399 1756 434 Robustum
1789 402 1952 443 populum
1989 404 2047 444 qui

225 463 327 499 talem
349 460 524 494 dominum
549 459 635 492 ferre
658 460 760 501 queat
776 456 837 500 (1).
862 459 999 502 Bellicis
1024 469 1161 502 quoque
1178 461 1398 494 successibus
1422 462 1489 494 tuis
1515 462 1630 502 laetor,
1659 465 1691 495 et
1719 463 1811 504 quod
1852 463 2045 505 giganteum

226 525 318 560 illurn
341 522 475 557 exulem
499 521 680 563 triumphis
703 530 743 554 ac
768 522 920 555 victoriis
945 522 1070 555 clarum
1089 523 1378 564 providentissimi
1403 524 1496 557 cives
1520 526 1579 556 tuo
1603 524 1676 557 freti
1691 525 1834 557 consilio
1852 527 2047 567 receperint,

225 587 282 630 qui
306 585 398 619 velut
420 584 503 617 alter
526 582 664 616 Alcides
689 593 757 616 non
782 583 962 617 duodenos
986 585 1126 624 tantum,
1151 585 1211 617 sed
1238 585 1392 618 millenos
1417 586 1516 618 obeat
1534 586 1679 633 labores,
1697 588 1729 619 et
1747 587 1892 620 heroicis
1910 588 2045 621 actibus

225 649 344 682 cuncta
366 648 526 680 terrarum
551 647 700 678 monstra
725 646 920 686 conculcet;
945 648 977 679 et
1001 647 1093 688 quod
1130 648 1219 680 circa
1254 647 1407 688 Nancani
1444 646 1618 687 Castrum,
1644 648 1700 681 ubi
1734 650 1880 681 maxime
1916 650 2047 683 fervida

226 710 284 745 illa
307 710 360 743 vis
384 709 486 742 animi
511 710 543 741 et
567 708 622 741 ille
647 710 725 741 tuus
750 709 934 741 acerrimus
959 710 1101 741 conatus
1126 711 1309 749 exarserat,
1334 710 1452 742 saltem
1478 710 1581 743 semel
1607 711 1674 752 egit
1699 713 1734 743 ut
1758 711 1875 744 debuit
1900 711 2043 744 fortuna.

226 771 347 806 Videto
370 772 483 804 autem
509 772 544 803 ut
567 772 600 803 et
624 770 713 803 arcis
738 769 829 803 illius
853 773 1009 804 exactam
1035 771 1225 804 custodiam
1250 773 1283 804 et
1307 772 1397 813 piam
1423 773 1634 813 captivorum
1671 781 1784 805 curam
1811 773 1949 806 habeas.
1976 774 2047 806 Hoc

225 833 488 877 magnitudinem
505 834 596 865 tuam
614 833 720 872 decet,
735 842 776 865 ne
789 842 849 874 per
861 833 1074 867 insolentiam
1092 833 1258 873 atollatur‚
1271 834 1333 866 sed
1348 834 1432 866 inter
1445 835 1556 867 victos
1569 836 1657 874 tuos,
1671 843 1759 876 quos
1773 837 1849 868 ante
1862 836 2049 878 triumpha-

225 897 288 931 lem
304 904 438 929 currum
455 904 491 928 es
508 897 657 934 acturus,
674 903 842 927 summurn
860 897 891 928 et
908 897 1127 937 praecipuum
1152 896 1196 928 sit
1213 896 1345 938 insigne
1363 896 1550 929 clementia.
1568 896 1714 930 Proinde
1732 899 1767 930 ut
1783 899 1933 931 omittam
1952 899 2047 932 iocos

225 961 259 993 et
292 959 405 992 tiniam
441 958 534 1000 quod
571 958 694 999 incepi,
731 966 791 990 oro
823 959 866 997 te,
891 958 1010 998 amice,
1035 960 1067 991 et
1092 959 1245 991 obtestor
1269 960 1304 991 ut
1328 959 1371 990 ad
1396 960 1428 991 te
1453 967 1613 992 reversus
1649 961 1825 993 examines
1861 970 1927 993 non
1964 962 2046 1003 quid

225 1021 327 1061 iuvet,
352 1021 414 1054 sed
439 1020 521 1062 quid
546 1020 677 1060 deceat;
702 1029 813 1062 neque
838 1020 920 1062 quid
945 1029 1023 1053 esse
1048 1029 1204 1062 cuperes,
1229 1021 1290 1053 sed
1316 1021 1399 1062 quid
1423 1030 1472 1060 es,
1497 1030 1597 1063 quem
1615 1023 1647 1054 te
1664 1021 1780 1055 fecerit
1797 1025 1925 1063 natura,
1943 1033 2045 1065 quem

223 1084 367 1123 fortuna,
391 1092 492 1125 quem
517 1082 698 1125 professio,
723 1091 823 1124 quern
849 1083 938 1115 vitae
955 1083 1062 1115 series
1078 1084 1263 1116 anteactae.
1290 1082 1471 1125 Intelliges,
1497 1084 1560 1116 nisi
1579 1084 1686 1124 fallor,
1713 1085 1840 1117 nullum
1860 1086 1945 1119 inter
1963 1087 2045 1120 haec

223 1146 397 1180 ambitioni
422 1155 461 1178 ac
487 1145 677 1184 iactantiae,
702 1144 830 1177 nullum
855 1145 989 1186 ineptae
1014 1147 1046 1177 et
1071 1145 1230 1187 indignae
1254 1146 1424 1187 tyrannidi
1450 1146 1561 1178 locum
1587 1155 1674 1179 esse.
1701 1145 1868 1185 Quotiens
1893 1149 1957 1181 ista
1989 1151 2046 1182 tua

225 1208 421 1245 dominandi
446 1207 617 1249 cupiditas
641 1207 843 1246 inardescet,
869 1216 936 1239 non
961 1207 1039 1240 dico
1064 1207 1196 1240 coelum
1221 1208 1350 1249 aspice,
1375 1208 1468 1249 quod
1494 1209 1630 1249 quidem
1657 1209 1742 1241 bene
1768 1210 1909 1243 instituti
1927 1213 1958 1243 et
1975 1221 2047 1244 mo-

223 1270 310 1304 desti
333 1270 488 1303 homines
511 1269 640 1303 faciunt
663 1269 744 1302 dum
768 1270 1012 1302 tentationibus
1038 1271 1208 1312 urgentur,
1234 1269 1295 1302 sed
1321 1270 1353 1302 in
1379 1271 1410 1302 te
1436 1270 1548 1311 ipsum
1579 1273 1671 1304 verte
1708 1272 1838 1311 oculos,
1871 1281 1910 1305 ac
1944 1274 2045 1306 vicis-

223 1333 286 1367 sim
311 1332 458 1372 calceos,
482 1341 602 1365 zonam
627 1332 856 1373 amictumque
881 1334 975 1365 tuum
1011 1332 1239 1374 contemplare
1276 1332 1406 1372 acriter;
1443 1333 1578 1365 videbis
1604 1334 1648 1365 nil
1674 1334 1733 1366 tibi
1770 1343 1989 1376 purpureum,
2014 1338 2047 1369 et

223 1395 289 1430 sub
313 1393 450 1428 Christo
473 1394 671 1428 famulatum
697 1394 849 1427 redolere
874 1394 997 1434 omnia,
1030 1403 1097 1427 non
1122 1403 1226 1436 super
1260 1394 1415 1427 homines
1450 1395 1687 1436 principatum.
1725 1395 1777 1428 Ad
1814 1405 1991 1437 summam,
2017 1398 2045 1430 si

222 1457 324 1491 nullis
347 1457 392 1490 ad
417 1457 482 1490 hoc
506 1465 568 1490 seu
593 1457 722 1498 iurgiis,
747 1465 807 1490 seu
833 1457 980 1496 monitis,
1005 1465 1065 1490 seu
1091 1457 1251 1498 precibus
1275 1456 1364 1489 flecti
1390 1459 1490 1498 potes
1515 1459 1550 1490 ut
1575 1457 1753 1490 ridiculum
1779 1459 1968 1500 tyrannidis
1986 1469 2047 1501 ap-

222 1520 362 1563 petitum
386 1528 506 1559 exuas,
530 1521 564 1552 at
588 1519 707 1552 saltem
731 1519 829 1561 pacis
853 1528 1002 1552 amorem
1028 1519 1140 1559 indue,
1166 1528 1207 1552 ne
1233 1519 1285 1552 vel
1311 1528 1330 1552 a
1355 1519 1528 1552 consortio
1553 1520 1633 1552 exul
1659 1520 1832 1553 hominum
1859 1521 1968 1554 bonae
1986 1532 2047 1554 vo-

222 1570 370 1622 luntatis,
394 1582 521 1624 quibus
545 1590 665 1624 pacem
689 1581 866 1624 angelicus
890 1591 1014 1624 praeco
1038 1581 1231 1621 denunciat,
1256 1582 1309 1614 vel
1335 1582 1368 1614 in
1393 1584 1606 1623 testamento,
1642 1592 1711 1624 quo
1736 1581 1894 1616 Christus
1927 1594 2044 1626 pacem

221 1645 295 1679 suis
318 1645 418 1688 legat,
443 1644 694 1678 exhaeredatus
717 1646 776 1677 aut
799 1645 1002 1686 praeteritus
1026 1645 1174 1678 videare.
1199 1643 1290 1677 Cura
1314 1645 1343 1677 si
1369 1645 1475 1686 sapis,
1494 1647 1529 1678 ut
1546 1646 1638 1687 quod
1668 1646 1791 1687 cupide
1816 1646 1912 1686 facis,
1938 1647 2046 1680 facias

221 1707 290 1741 diu.
315 1706 521 1740 Dominandi
546 1707 680 1746 avidus,
706 1707 834 1740 servire
858 1707 1076 1749 cupientibus
1101 1707 1240 1749 impera.
1272 1706 1466 1747 Dominare,
1502 1707 1613 1748 frater,
1638 1708 1803 1741 dominari
1841 1709 2045 1749 volentibus,

221 1770 283 1804 sed
307 1770 341 1803 in
364 1779 459 1812 pace,
483 1779 572 1812 quae
596 1762 670 1803 sola
695 1770 832 1813 quidem
858 1771 891 1803 et
914 1779 1021 1812 parva
1052 1778 1177 1812 augere
1213 1771 1337 1811 potens
1361 1771 1414 1803 est
1438 1772 1471 1803 et
1495 1770 1663 1812 dissipata
1699 1771 1858 1813 colligere
1883 1774 1915 1804 et
1940 1781 2047 1805 exan-

223 1832 302 1876 guia
325 1832 490 1873 refovere;
515 1833 699 1873 dominare,
723 1833 783 1866 sed
809 1833 939 1875 integra
957 1833 989 1865 in
1008 1833 1101 1872 urbe;
1119 1833 1193 1865 sive
1210 1833 1372 1874 quoniam
1391 1833 1424 1865 id
1443 1833 1511 1866 iarnv
1526 1834 1597 1866 fieri
1616 1834 1742 1875 nequit,
1760 1834 1814 1867 his
1832 1835 1917 1876 ipsis
1936 1836 2042 1868 ruinis

221 1894 394 1928 dominare
425 1895 600 1937 placatior,
625 1904 687 1929 nec
712 1895 856 1929 laceram
893 1896 958 1929 iarn
995 1895 1142 1937 amplius
1179 1895 1393 1928 lacerandam
1430 1896 1635 1938 implacabili
1661 1905 1803 1930 censeas
1829 1897 1968 1931 feritate.
1995 1898 2045 1931 Ne

211 1955 411 2000 ‘accingaris
435 1958 570 2000 linguae
593 1960 671 1992 tuae
694 1958 810 2001 gladio
834 1967 978 2000 semper,
1003 1958 1064 1991 sed
1089 1958 1269 2000 prudentia
1294 1959 1327 1991 et
1351 1957 1510 1991 facundia
1534 1961 1592 1992 tua
1617 1959 1752 1992 intende
1776 1969 1949 2002 prospere,
1968 1970 2046 2002 pro-

221 2020 315 2060 cede,
339 2022 373 2054 et
396 2021 535 2063 quando
559 2021 605 2054 ita
630 2021 693 2061 vis,
719 2021 882 2063 civesque
907 2021 1026 2054 volunt
1049 2021 1108 2061 tui,
1133 2030 1236 2063 regna
1261 2022 1293 2054 et
1317 2021 1452 2054 attende
1477 2022 1667 2063 sequentia:
1704 2022 1846 2064 Propter
1879 2024 2044 2068 veritatem

221 2083 306 2116 enim
330 2085 363 2116 et
383 2084 668 2117 mansuetudinem
692 2085 725 2117 et
746 2084 915 2122 iustitiam,
941 2093 1030 2126 quae
1055 2085 1150 2126 pacis
1179 2084 1295 2125 utique
1320 2086 1400 2117 sunt
1435 2093 1581 2124 sorores,
1617 2085 1757 2118 deducet
1790 2087 1820 2118 te
1855 2085 2050 2119 mirabiliter

221 2144 355 2178 dextera
372 2147 439 2178 tua.
461 2145 636 2179 Memento
654 2148 689 2179 ut
706 2144 848 2179 Gedeon
874 2155 951 2179 cum
976 2146 1129 2179 audisset
1146 2155 1165 2179 a
1182 2145 1348 2179 Domino:
1367 2145 1444 2179 Pax
1467 2148 1582 2185 tecum,
1600 2155 1641 2179 ne
1657 2147 1784 2185 timeas,
1810 2149 1916 2180 erexit
1941 2148 2044 2181 altare

221 2204 367 2240 Domino
382 2209 415 2240 et
429 2207 620 2241 dominicae
637 2208 733 2250 pacis
750 2217 872 2241 nomen
890 2208 1063 2250 imposuit.
1080 2208 1157 2240 Noli
1174 2210 1210 2241 tu
1227 2208 1270 2241 de
1286 2209 1355 2242 tuis
1372 2208 1481 2248 bellis,
1499 2209 1591 2250 quod
1610 2217 1769 2251 supremo
1787 2210 1876 2242 vitae
1892 2212 2043 2251 ternpore

222 2268 325 2303 lulius
349 2268 479 2303 Caesar
502 2270 683 2303 meditatus
708 2270 822 2310 fertur,
847 2270 948 2304 Marti
973 2271 1134 2312 templum
1159 2272 1324 2304 extruere.
1343 2270 1444 2304 Aliud
1463 2280 1608 2313 namque
1627 2271 1826 2304 bellicosum
1844 2273 2042 2314 principem,

54 2327 55 2331 ’
167 2366 170 2368 ,
222 2332 312 2366 aliud
337 2333 515 2375 pacificum
541 2333 676 2366 fratrem
701 2334 809 2367 decet.
836 2333 870 2366 ln
893 2334 1006 2374 finem,
1032 2334 1060 2367 si
1086 2333 1245 2375 exemplo
1270 2342 1430 2366 caesareo
1466 2334 1657 2374 delectaris,
1682 2337 1715 2367 et
1738 2335 1896 2367 dominus
1933 2336 2043 2368 mavis

222 2403 300 2429 esse
322 2404 424 2438 quam
449 2395 561 2436 frater,
586 2396 648 2429 etsi
674 2397 755 2429 nihil
781 2397 1032 2430 monstruosius
1057 2405 1076 2429 a
1100 2396 1249 2429 saeculis
1273 2397 1425 2429 auditum
1451 2397 1504 2437 sit,
1522 2397 1551 2430 si
1577 2399 1688 2430 tamen
1706 2399 1796 2430 astra
1814 2398 2039 2438 consentiunt,

175 2450 178 2451 ⁷
223 2457 290 2491 imo
313 2458 342 2492 si
367 2458 493 2500 patitur
516 2456 622 2498 Deus,
648 2461 722 2492 esto
746 2459 916 2499 dominus,
941 2459 1002 2492 sed
1028 2458 1177 2492 clemens
1202 2460 1234 2492 et
1257 2459 1347 2492 mitis
1371 2461 1404 2492 et
1429 2461 1559 2492 amator
1583 2460 1689 2501 pacis,
1715 2460 1806 2501 quod
1826 2459 1918 2492 illum
1936 2460 2043 2493 tuisse

222 2521 354 2554 constat
376 2521 535 2554 omnibus
559 2521 592 2554 in
617 2530 761 2563 quorum
786 2530 907 2554 manus
931 2522 1021 2554 illius
1061 2521 1236 2563 epistolae,
1272 2530 1360 2563 quas
1384 2531 1446 2563 per
1480 2522 1592 2563 ipsum
1629 2522 1739 2555 civilis
1775 2522 1854 2555 belli
1890 2524 2043 2564 tempore

222 2582 370 2625 scripsit,
394 2582 479 2616 forte
504 2585 742 2625 pervenerunt.
767 2583 840 2617 Hoc
866 2583 1018 2623 ultimum
1043 2584 1142 2625 quasi
1167 2583 1316 2617 coeleste
1342 2584 1516 2617 oraculum
1541 2584 1707 2617 ausculta.
1733 2582 1838 2617 Stude
1863 2585 1978 2626 potius
2008 2587 2043 2618 ut

221 2644 283 2677 tibi
307 2645 394 2678 bene
419 2645 472 2685 sit,
497 2654 599 2687 quam
624 2646 660 2678 ut
683 2645 760 2679 aliis
795 2645 894 2685 male,
918 2647 951 2679 et
975 2654 1059 2679 cave
1085 2654 1126 2678 ne
1151 2645 1306 2678 odiorum
1331 2647 1388 2678 aut
1413 2646 1561 2678 invidiae
1598 2646 1743 2678 stimulis
1779 2646 1944 2688 populum
1981 2647 2041 2680 tibi

223 2707 413 2740 subiectum
438 2708 471 2740 in
495 2710 647 2741 extrema
671 2709 892 2748 miseriarum,
917 2717 1005 2750 quae
1031 2708 1096 2741 iam
1125 2708 1238 2741 vicina
1273 2709 1362 2748 sunt,
1399 2708 1618 2749 ultimamque
1654 2709 1838 2750 perniciem
1875 2709 2042 2751 impellas,

224 2778 310 2803 neve
333 2770 426 2812 quod
451 2770 523 2810 tibi,
548 2771 577 2804 si
602 2779 754 2812 saperes,
780 2779 995 2812 summopere
1035 2770 1284 2812 providendum
1321 2772 1401 2810 erat,
1438 2770 1716 2803 honestissimum
1742 2770 1904 2804 Ordinem
1941 2781 2041 2814 quem

223 2831 399 2873 protessus
423 2840 472 2872 es,
496 2840 601 2874 supra
624 2832 810 2875 gloriosum
836 2831 1017 2874 Augustini
1042 2841 1165 2865 nomen
1190 2834 1223 2865 et
1246 2840 1363 2865 sacras
1387 2832 1578 2865 eremiticae
1596 2832 1684 2865 vitae
1702 2832 1843 2866 delicias
1861 2833 2041 2867 multorum

279 2971 310 2998 (l)
325 2971 356 2994 La
370 2973 467 3000 patente
487 2972 510 2995 dl
530 2972 662 3000 sempllcltfi
683 2978 696 2995 e
716 2973 739 2995 di
755 2973 870 3000 buagglne
884 2973 927 2995 che
947 2973 963 2994 ll
985 2973 1055 2999 poeta
1070 2971 1104 2994 dl·
1156 2977 1210 2994 sero
1231 2971 1246 2993 il
1268 2971 1388 2993 Bussolari
1409 2976 1423 2993 a
1444 2970 1495 2993 loro
1516 2976 1611 2998 capom.
1633 2971 1656 2994 lo
1677 2971 1823 2995 estimavano
1838 2973 1853 2995 il
1868 2973 1982 2996 cittadlno
1997 2974 2037 3001 piu

227 3019 313 3043 spem
326 3015 348 3038 nl
362 3016 450 3044 popolo
464 3021 551 3044 pavete
561 3022 607 3039 non
617 3017 716 3044 piaeque
725 3017 748 3039 al
757 3017 895 3044 ΜΑοΕΝτΛ,
905 3022 943 3044 ορ,
954 3017 994 3039 clt.
1005 3022 1059 3043 pag.
1068 3015 1104 3043 59,
1157 3015 1241 3038 adano
1254 3021 1269 3037 a
1283 3014 1318 3037 tar
1332 3014 1443 3037 triontare
1457 3020 1503 3037 una
1517 3020 1598 3043 causa,
1617 3015 1659 3038 che
1673 3015 1726 3038 solo
1739 3016 1785 3043 agli
1800 3017 1864 3039 occhi
1880 3016 1917 3039 del
1928 3017 2037 3040 Petrarca

227 3059 270 3082 che
283 3059 332 3083 conl
345 3060 447 3083 κῆικε
461 3068 474 3079 ι
487 3061 539 3084 Non
553 3066 593 3084 era
607 3066 649 3088 per
663 3061 779 3089 hunggine
792 3061 966 3089 (simplicitas),
981 3061 1010 3083 ne
1019 3060 1103 3088 perche
1157 3059 1271 3087 apparlva
1285 3059 1384 3087 indegnn
1398 3067 1419 3082 ».

227 3103 236 3126 1
249 3104 330 3131 paveni
343 3109 455 3128 :venero
469 3105 547 3128 huone
561 3105 636 3133 spune
649 3105 782 3132 (robustum
793 3106 906 3133 populum
921 3105 976 3132 etc.)
991 3105 1033 3127 che
1052 3110 1103 3132 pre·
