<?xml version="1.0" encoding="UTF-8"?>
<!DOCTYPE html PUBLIC "-//W3C//DTD XHTML 1.0 Transitional//EN"
    "http://www.w3.org/TR/xhtml1/DTD/xhtml1-transitional.dtd">
<html xmlns="http://www.w3.org/1999/xhtml" xml:lang="en" lang="en">
 <head>
  <title>
</title>
<meta http-equiv="Content-Type" content="text/html;charset=utf-8" />
  <meta name='ocr-system' content='tesseract 3.04.00' />
  <meta name='ocr-capabilities' content='ocr_page ocr_carea ocr_par ocr_line ocrx_word'/>
</head>
<body>
  <div class='ocr_page' id='page_1' title='image "./codexdiplomaticu01maiouoft_0268.png"; bbox 0 0 2496 3600; ppageno 0'>
   <div class='ocr_carea' id='block_1_1' title="bbox 1165 0 1820 41">
    <p class='ocr_par' dir='ltr' id='par_1_1' title="bbox 1165 0 1820 41">
     <span class='ocr_line' id='line_1_1' title="bbox 1165 0 1820 41; baseline 0 3559"><span class='ocrx_word' id='word_1_1' title='bbox 1165 0 1820 41; x_wconf 95' lang='lat' dir='ltr'><strong> </strong></span> 
     </span>
    </p>
   </div>
   <div class='ocr_carea' id='block_1_2' title="bbox 493 235 556 270">
    <p class='ocr_par' dir='ltr' id='par_1_2' title="bbox 493 235 556 270">
     <span class='ocr_line' id='line_1_2' title="bbox 493 235 556 270; baseline 0 0"><span class='ocrx_word' id='word_1_2' title='bbox 493 235 556 270; x_wconf 87' lang='lat'><strong>198</strong></span> 
     </span>
    </p>
   </div>
   <div class='ocr_carea' id='block_1_3' title="bbox 2302 347 2496 2963">
    <p class='ocr_par' dir='ltr' id='par_1_3' title="bbox 2302 347 2496 2963">
     <span class='ocr_line' id='line_1_3' title="bbox 2311 347 2496 564; baseline 0 -28"><span class='ocrx_word' id='word_1_3' title='bbox 2311 347 2496 564; x_wconf 95' lang='lat' dir='ltr'><strong>    </strong></span> 
     </span>
     <span class='ocr_line' id='line_1_4' title="bbox 2314 564 2496 747; baseline 0 -64"><span class='ocrx_word' id='word_1_4' title='bbox 2314 564 2496 747; x_wconf 95' lang='lat' dir='ltr'><strong>   </strong></span> 
     </span>
     <span class='ocr_line' id='line_1_5' title="bbox 2309 747 2496 938; baseline 0 -128"><span class='ocrx_word' id='word_1_5' title='bbox 2309 747 2496 938; x_wconf 95' lang='lat' dir='ltr'><strong>     </strong></span> 
     </span>
     <span class='ocr_line' id='line_1_6' title="bbox 2302 938 2496 1187; baseline 0 0"><span class='ocrx_word' id='word_1_6' title='bbox 2302 938 2496 1187; x_wconf 95' lang='lat' dir='ltr'><strong>    </strong></span> 
     </span>
     <span class='ocr_line' id='line_1_7' title="bbox 2311 1813 2496 2028; baseline 0 -89"><span class='ocrx_word' id='word_1_7' title='bbox 2311 1813 2496 2028; x_wconf 95' lang='lat' dir='ltr'><strong>     </strong></span> 
     </span>
     <span class='ocr_line' id='line_1_8' title="bbox 2318 2028 2496 2155; baseline 0 0"><span class='ocrx_word' id='word_1_8' title='bbox 2318 2028 2496 2155; x_wconf 95' lang='lat' dir='ltr'><strong>   </strong></span> 
     </span>
     <span class='ocr_line' id='line_1_9' title="bbox 2314 2155 2496 2282; baseline 0 -65"><span class='ocrx_word' id='word_1_9' title='bbox 2314 2155 2496 2282; x_wconf 95' lang='lat' dir='ltr'><strong>  </strong></span> 
     </span>
     <span class='ocr_line' id='line_1_10' title="bbox 2310 2282 2496 2438; baseline 0 -62"><span class='ocrx_word' id='word_1_10' title='bbox 2310 2282 2496 2438; x_wconf 95' lang='lat' dir='ltr'><strong>    </strong></span> 
     </span>
     <span class='ocr_line' id='line_1_11' title="bbox 2318 2438 2496 2501; baseline 0 0"><span class='ocrx_word' id='word_1_11' title='bbox 2318 2438 2496 2501; x_wconf 95' lang='lat' dir='ltr'><strong>  </strong></span> 
     </span>
     <span class='ocr_line' id='line_1_12' title="bbox 2322 2501 2496 2656; baseline 0 -59"><span class='ocrx_word' id='word_1_12' title='bbox 2322 2501 2496 2656; x_wconf 95' lang='lat' dir='ltr'><strong>   </strong></span> 
     </span>
     <span class='ocr_line' id='line_1_13' title="bbox 2322 2656 2496 2719; baseline 0 881"><span class='ocrx_word' id='word_1_13' title='bbox 2322 2656 2496 2719; x_wconf 95' lang='lat' dir='ltr'><strong> </strong></span> 
     </span>
     <span class='ocr_line' id='line_1_14' title="bbox 2317 2719 2496 2780; baseline 0 820"><span class='ocrx_word' id='word_1_14' title='bbox 2317 2719 2496 2780; x_wconf 95' lang='lat' dir='ltr'><strong> </strong></span> 
     </span>
     <span class='ocr_line' id='line_1_15' title="bbox 2311 2780 2496 2963; baseline 0 -11"><span class='ocrx_word' id='word_1_15' title='bbox 2311 2780 2496 2963; x_wconf 95' lang='lat' dir='ltr'><strong>    </strong></span> 
     </span>
    </p>
   </div>
   <div class='ocr_carea' id='block_1_4' title="bbox 482 369 2356 1100">
    <p class='ocr_par' dir='ltr' id='par_1_4' title="bbox 482 353 2356 1100">
     <span class='ocr_line' id='line_1_16' title="bbox 577 369 2354 414; baseline 0.002 -10"><span class='ocrx_word' id='word_1_16' title='bbox 577 369 700 404; x_wconf 89' lang='lat' dir='ltr'><strong>Testes</strong></span> <span class='ocrx_word' id='word_1_17' title='bbox 735 373 858 412; x_wconf 90' lang='lat' dir='ltr'><strong>autem,</strong></span> <span class='ocrx_word' id='word_1_18' title='bbox 883 372 941 414; x_wconf 88' lang='lat' dir='ltr'><strong>qui</strong></span> <span class='ocrx_word' id='word_1_19' title='bbox 967 371 1090 404; x_wconf 80' lang='lat' dir='ltr'><strong>tuerint</strong></span> <span class='ocrx_word' id='word_1_20' title='bbox 1126 371 1299 410; x_wconf 87' lang='lat' dir='ltr'><strong>nominati,</strong></span> <span class='ocrx_word' id='word_1_21' title='bbox 1324 371 1352 404; x_wconf 91' lang='lat' dir='ltr'><strong>si</strong></span> <span class='ocrx_word' id='word_1_22' title='bbox 1378 379 1416 404; x_wconf 90' lang='lat' dir='ltr'><strong>se</strong></span> <span class='ocrx_word' id='word_1_23' title='bbox 1440 371 1558 414; x_wconf 88' lang='lat' dir='ltr'><strong>gratia,</strong></span> <span class='ocrx_word' id='word_1_24' title='bbox 1582 370 1663 404; x_wconf 92' lang='lat' dir='ltr'><strong>odio</strong></span> <span class='ocrx_word' id='word_1_25' title='bbox 1689 370 1742 404; x_wconf 91' lang='lat' dir='ltr'><strong>vel</strong></span> <span class='ocrx_word' id='word_1_26' title='bbox 1767 372 1886 405; x_wconf 87' lang='lat' dir='ltr'><strong>timore</strong></span> <span class='ocrx_word' id='word_1_27' title='bbox 1898 372 2140 413; x_wconf 88' lang='lat' dir='ltr'><strong>subtraxerint,</strong></span> <span class='ocrx_word' id='word_1_28' title='bbox 2163 372 2354 410; x_wconf 55' lang='lat' dir='ltr'><strong>censuri-f·</strong></span> 
     </span>
     <span class='ocr_line' id='line_1_17' title="bbox 487 426 2354 476; baseline 0.002 -11"><span class='ocrx_word' id='word_1_29' title='bbox 487 432 599 472; x_wconf 80' lang='lat' dir='ltr'><strong>simili,</strong></span> <span class='ocrx_word' id='word_1_30' title='bbox 623 432 851 475; x_wconf 86' lang='lat' dir='ltr'><strong>appellatione</strong></span> <span class='ocrx_word' id='word_1_31' title='bbox 876 435 1043 473; x_wconf 86' lang='lat' dir='ltr'>cessante,</span> <span class='ocrx_word' id='word_1_32' title='bbox 1068 433 1254 475; x_wconf 89' lang='lat' dir='ltr'><strong>compellas</strong></span> <span class='ocrx_word' id='word_1_33' title='bbox 1278 433 1408 466; x_wconf 81' lang='lat' dir='ltr'><strong>veritati</strong></span> <span class='ocrx_word' id='word_1_34' title='bbox 1423 433 1653 466; x_wconf 79' lang='lat' dir='ltr'><strong>testimonium</strong></span> <span class='ocrx_word' id='word_1_35' title='bbox 1667 433 1866 476; x_wconf 86' lang='lat' dir='ltr'><strong>perhibere:</strong></span> <span class='ocrx_word' id='word_1_36' title='bbox 1891 433 2010 468; x_wconf 90' lang='lat' dir='ltr'><strong>litteris</strong></span> <span class='ocrx_word' id='word_1_37' title='bbox 2045 434 2127 468; x_wconf 87' lang='lat' dir='ltr'><strong>dicti</strong></span> <span class='ocrx_word' id='word_1_38' title='bbox 2151 426 2354 474; x_wconf 64' lang='lat' dir='ltr'><strong>Iohannis-:³2</strong></span> 
     </span>
     <span class='ocr_line' id='line_1_18' title="bbox 486 495 2346 547; baseline 0.002 -19"><span class='ocrx_word' id='word_1_39' title='bbox 486 495 744 537; x_wconf 83' lang='lat' dir='ltr'><strong>predecessoris</strong></span> <span class='ocrx_word' id='word_1_40' title='bbox 767 504 807 528; x_wconf 90' lang='lat' dir='ltr'><strong>ac</strong></span> <span class='ocrx_word' id='word_1_41' title='bbox 832 496 1118 529; x_wconf 88' lang='lat' dir='ltr'><strong>conventionibus</strong></span> <span class='ocrx_word' id='word_1_42' title='bbox 1142 498 1175 528; x_wconf 87' lang='lat' dir='ltr'><strong>et</strong></span> <span class='ocrx_word' id='word_1_43' title='bbox 1199 495 1309 537; x_wconf 89' lang='lat' dir='ltr'><strong>pactis</strong></span> <span class='ocrx_word' id='word_1_44' title='bbox 1334 495 1528 528; x_wconf 85' lang='lat' dir='ltr'><strong>huiusmodi</strong></span> <span class='ocrx_word' id='word_1_45' title='bbox 1553 495 1654 528; x_wconf 87' lang='lat' dir='ltr'><strong>etiam</strong></span> <span class='ocrx_word' id='word_1_46' title='bbox 1679 496 1912 536; x_wconf 88' lang='lat' dir='ltr'><strong>instrumento,</strong></span> <span class='ocrx_word' id='word_1_47' title='bbox 1937 496 2191 531; x_wconf 75' lang='lat' dir='ltr'><strong>confirmatione</strong></span> <span class='ocrx_word' id='word_1_48' title='bbox 2226 500 2346 547; x_wconf 14' lang='lat' dir='ltr'><strong>apo-*J*v</strong></span> 
     </span>
     <span class='ocr_line' id='line_1_19' title="bbox 486 548 2349 600; baseline 0.002 -10"><span class='ocrx_word' id='word_1_49' title='bbox 486 557 606 590; x_wconf 90' lang='lat' dir='ltr'><strong>stolica</strong></span> <span class='ocrx_word' id='word_1_50' title='bbox 631 557 684 591; x_wconf 92' lang='lat' dir='ltr'><strong>vel</strong></span> <span class='ocrx_word' id='word_1_51' title='bbox 710 566 926 600; x_wconf 87' lang='lat' dir='ltr'><strong>quacumque</strong></span> <span class='ocrx_word' id='word_1_52' title='bbox 951 558 1105 590; x_wconf 82' lang='lat' dir='ltr'><strong>firmitate</strong></span> <span class='ocrx_word' id='word_1_53' title='bbox 1131 557 1196 590; x_wconf 90' lang='lat' dir='ltr'><strong>alia</strong></span> <span class='ocrx_word' id='word_1_54' title='bbox 1221 557 1400 597; x_wconf 88' lang='lat' dir='ltr'><strong>roboratis,</strong></span> <span class='ocrx_word' id='word_1_55' title='bbox 1425 566 1556 591; x_wconf 91' lang='lat' dir='ltr'><strong>necnon</strong></span> <span class='ocrx_word' id='word_1_56' title='bbox 1582 557 1681 600; x_wconf 85' lang='lat' dir='ltr'><strong>lapsu</strong></span> <span class='ocrx_word' id='word_1_57' title='bbox 1706 557 1819 592; x_wconf 81' lang='lat' dir='ltr'><strong>fatalis</strong></span> <span class='ocrx_word' id='word_1_58' title='bbox 1854 559 2007 592; x_wconf 89' lang='lat' dir='ltr'><strong>eiusdem</strong></span> <span class='ocrx_word' id='word_1_59' title='bbox 2031 567 2072 593; x_wconf 85' lang='lat' dir='ltr'><strong>ac</strong></span> <span class='ocrx_word' id='word_1_60' title='bbox 2097 548 2349 598; x_wconf 45' lang='lat' dir='ltr'><strong>constitutio-ff?</strong></span> 
     </span>
     <span class='ocr_line' id='line_1_20' title="bbox 485 610 2356 672; baseline 0.002 -20"><span class='ocrx_word' id='word_1_61' title='bbox 485 619 586 653; x_wconf 88' lang='lat' dir='ltr'><strong>nibus</strong></span> <span class='ocrx_word' id='word_1_62' title='bbox 611 620 812 662; x_wconf 91' lang='lat' dir='ltr'><strong>apostolicis</strong></span> <span class='ocrx_word' id='word_1_63' title='bbox 836 622 868 652; x_wconf 89' lang='lat' dir='ltr'><strong>et</strong></span> <span class='ocrx_word' id='word_1_64' title='bbox 893 620 970 652; x_wconf 91' lang='lat' dir='ltr'><strong>aliis</strong></span> <span class='ocrx_word' id='word_1_65' title='bbox 995 620 1172 652; x_wconf 88' lang='lat' dir='ltr'><strong>contrariis</strong></span> <span class='ocrx_word' id='word_1_66' title='bbox 1197 628 1263 652; x_wconf 93' lang='lat' dir='ltr'><strong>non</strong></span> <span class='ocrx_word' id='word_1_67' title='bbox 1289 619 1482 653; x_wconf 86' lang='lat' dir='ltr'><strong>ostantibus</strong></span> <span class='ocrx_word' id='word_1_68' title='bbox 1506 619 1791 662; x_wconf 88' lang='lat' dir='ltr'><strong>quibuscumque,</strong></span> <span class='ocrx_word' id='word_1_69' title='bbox 1827 629 1888 654; x_wconf 90' lang='lat' dir='ltr'><strong>seu</strong></span> <span class='ocrx_word' id='word_1_70' title='bbox 1925 621 1954 654; x_wconf 91' lang='lat' dir='ltr'><strong>si</strong></span> <span class='ocrx_word' id='word_1_71' title='bbox 1990 621 2092 655; x_wconf 90' lang='lat' dir='ltr'><strong>dictis</strong></span> <span class='ocrx_word' id='word_1_72' title='bbox 2127 620 2252 656; x_wconf 84' lang='lat' dir='ltr'><strong>Abbati</strong></span> <span class='ocrx_word' id='word_1_73' title='bbox 2274 622 2323 672; x_wconf 54' lang='grc' dir='ltr'><strong>αξξ</strong></span> <span class='ocrx_word' id='word_1_74' title='bbox 2337 610 2356 668; x_wconf 59' lang='grc' dir='ltr'><strong>’,ἶ</strong></span> 
     </span>
     <span class='ocr_line' id='line_1_21' title="bbox 485 670 2350 725; baseline 0.003 -11"><span class='ocrx_word' id='word_1_75' title='bbox 485 683 667 715; x_wconf 90' lang='lat' dir='ltr'><strong>conventui</strong></span> <span class='ocrx_word' id='word_1_76' title='bbox 693 691 712 715; x_wconf 93' lang='lat' dir='ltr'><strong>a</strong></span> <span class='ocrx_word' id='word_1_77' title='bbox 737 681 826 715; x_wconf 90' lang='lat' dir='ltr'><strong>Sede</strong></span> <span class='ocrx_word' id='word_1_78' title='bbox 851 682 1002 724; x_wconf 89' lang='lat' dir='ltr'><strong>predicta</strong></span> <span class='ocrx_word' id='word_1_79' title='bbox 1028 682 1071 714; x_wconf 92' lang='lat' dir='ltr'><strong>sit</strong></span> <span class='ocrx_word' id='word_1_80' title='bbox 1096 681 1262 715; x_wconf 80' lang='lat' dir='ltr'><strong>indultum</strong></span> <span class='ocrx_word' id='word_1_81' title='bbox 1288 682 1380 724; x_wconf 89' lang='lat' dir='ltr'><strong>quod</strong></span> <span class='ocrx_word' id='word_1_82' title='bbox 1406 682 1471 724; x_wconf 91' lang='lat' dir='ltr'><strong>ipsi</strong></span> <span class='ocrx_word' id='word_1_83' title='bbox 1498 682 1551 716; x_wconf 90' lang='lat' dir='ltr'><strong>vel</strong></span> <span class='ocrx_word' id='word_1_84' title='bbox 1575 683 1640 716; x_wconf 92' lang='lat' dir='ltr'><strong>alie</strong></span> <span class='ocrx_word' id='word_1_85' title='bbox 1665 691 1811 725; x_wconf 88' lang='lat' dir='ltr'><strong>persone</strong></span> <span class='ocrx_word' id='word_1_86' title='bbox 1834 683 1915 717; x_wconf 90' lang='lat' dir='ltr'><strong>dicti</strong></span> <span class='ocrx_word' id='word_1_87' title='bbox 1941 683 2072 718; x_wconf 88' lang='lat' dir='ltr'><strong>ordinis</strong></span> <span class='ocrx_word' id='word_1_88' title='bbox 2095 685 2204 718; x_wconf 88' lang='lat' dir='ltr'><strong>sancti</strong></span> <span class='ocrx_word' id='word_1_89' title='bbox 2239 670 2350 721; x_wconf 52' lang='grc' dir='ltr'><strong>Αιιι-Ϊ,ι</strong></span> 
     </span>
     <span class='ocr_line' id='line_1_22' title="bbox 483 744 2311 788; baseline 0.002 -11"><span class='ocrx_word' id='word_1_90' title='bbox 483 745 609 786; x_wconf 89' lang='lat' dir='ltr'><strong>gustini</strong></span> <span class='ocrx_word' id='word_1_91' title='bbox 635 745 677 777; x_wconf 90' lang='lat' dir='ltr'><strong>ad</strong></span> <span class='ocrx_word' id='word_1_92' title='bbox 704 744 864 776; x_wconf 89' lang='lat' dir='ltr'><strong>iudicium</strong></span> <span class='ocrx_word' id='word_1_93' title='bbox 890 744 974 777; x_wconf 86' lang='lat' dir='ltr'><strong>trahi</strong></span> <span class='ocrx_word' id='word_1_94' title='bbox 1000 753 1039 777; x_wconf 90' lang='lat' dir='ltr'><strong>ac</strong></span> <span class='ocrx_word' id='word_1_95' title='bbox 1065 744 1231 786; x_wconf 88' lang='lat' dir='ltr'><strong>suspendi</strong></span> <span class='ocrx_word' id='word_1_96' title='bbox 1257 744 1310 778; x_wconf 91' lang='lat' dir='ltr'><strong>vel</strong></span> <span class='ocrx_word' id='word_1_97' title='bbox 1335 745 1600 785; x_wconf 85' lang='lat' dir='ltr'><strong>excomunicari,</strong></span> <span class='ocrx_word' id='word_1_98' title='bbox 1625 753 1687 778; x_wconf 89' lang='lat' dir='ltr'><strong>seu</strong></span> <span class='ocrx_word' id='word_1_99' title='bbox 1712 745 1786 788; x_wconf 90' lang='lat' dir='ltr'><strong>ipse</strong></span> <span class='ocrx_word' id='word_1_100' title='bbox 1812 747 1869 779; x_wconf 87' lang='lat' dir='ltr'><strong>aut</strong></span> <span class='ocrx_word' id='word_1_101' title='bbox 1894 746 2005 788; x_wconf 86' lang='lat' dir='ltr'><strong>ipsius</strong></span> <span class='ocrx_word' id='word_1_102' title='bbox 2021 746 2152 780; x_wconf 85' lang='lat' dir='ltr'><strong>ordinis</strong></span> <span class='ocrx_word' id='word_1_103' title='bbox 2169 745 2347 783; x_wconf 71' lang='lat' dir='ltr'><strong>locam-</strong></span> 
     </span>
     <span class='ocr_line' id='line_1_23' title="bbox 484 806 2349 861; baseline 0.002 -22"><span class='ocrx_word' id='word_1_104' title='bbox 484 807 600 839; x_wconf 90' lang='lat' dir='ltr'><strong>terdici</strong></span> <span class='ocrx_word' id='word_1_105' title='bbox 626 816 692 839; x_wconf 91' lang='lat' dir='ltr'><strong>non</strong></span> <span class='ocrx_word' id='word_1_106' title='bbox 718 807 852 848; x_wconf 89' lang='lat' dir='ltr'><strong>possint</strong></span> <span class='ocrx_word' id='word_1_107' title='bbox 876 815 937 848; x_wconf 89' lang='lat' dir='ltr'><strong>per</strong></span> <span class='ocrx_word' id='word_1_108' title='bbox 961 806 1089 840; x_wconf 86' lang='lat' dir='ltr'><strong>litteras</strong></span> <span class='ocrx_word' id='word_1_109' title='bbox 1113 806 1322 848; x_wconf 87' lang='lat' dir='ltr'><strong>apostolicas</strong></span> <span class='ocrx_word' id='word_1_110' title='bbox 1346 816 1413 840; x_wconf 91' lang='lat' dir='ltr'><strong>non</strong></span> <span class='ocrx_word' id='word_1_111' title='bbox 1437 807 1602 841; x_wconf 81' lang='lat' dir='ltr'><strong>facientes</strong></span> <span class='ocrx_word' id='word_1_112' title='bbox 1625 807 1760 850; x_wconf 87' lang='lat' dir='ltr'><strong>plenam</strong></span> <span class='ocrx_word' id='word_1_113' title='bbox 1785 809 1818 841; x_wconf 83' lang='lat' dir='ltr'><strong>et</strong></span> <span class='ocrx_word' id='word_1_114' title='bbox 1842 817 2043 851; x_wconf 84' lang='lat' dir='ltr'><strong>expressam</strong></span> <span class='ocrx_word' id='word_1_115' title='bbox 2060 817 2100 842; x_wconf 91' lang='lat' dir='ltr'><strong>ac</strong></span> <span class='ocrx_word' id='word_1_116' title='bbox 2128 809 2172 843; x_wconf 90' lang='lat' dir='ltr'><strong>de</strong></span> <span class='ocrx_word' id='word_1_117' title='bbox 2202 810 2349 861; x_wconf 40' lang='lat' dir='ltr'><strong>verhog</strong></span> 
     </span>
     <span class='ocr_line' id='line_1_24' title="bbox 483 862 2343 915; baseline 0.003 -15"><span class='ocrx_word' id='word_1_118' title='bbox 483 869 525 901; x_wconf 88' lang='lat' dir='ltr'><strong>ad</strong></span> <span class='ocrx_word' id='word_1_119' title='bbox 552 869 692 901; x_wconf 89' lang='lat' dir='ltr'><strong>verbum</strong></span> <span class='ocrx_word' id='word_1_120' title='bbox 718 869 760 901; x_wconf 90' lang='lat' dir='ltr'><strong>de</strong></span> <span class='ocrx_word' id='word_1_121' title='bbox 786 869 917 901; x_wconf 92' lang='lat' dir='ltr'><strong>indultu</strong></span> <span class='ocrx_word' id='word_1_122' title='bbox 944 869 1138 902; x_wconf 83' lang='lat' dir='ltr'><strong>huiusmodi</strong></span> <span class='ocrx_word' id='word_1_123' title='bbox 1165 869 1380 910; x_wconf 89' lang='lat' dir='ltr'><strong>mentionem,</strong></span> <span class='ocrx_word' id='word_1_124' title='bbox 1405 871 1438 903; x_wconf 91' lang='lat' dir='ltr'><strong>et</strong></span> <span class='ocrx_word' id='word_1_125' title='bbox 1461 870 1614 912; x_wconf 88' lang='lat' dir='ltr'><strong>qualibet</strong></span> <span class='ocrx_word' id='word_1_126' title='bbox 1637 870 1703 904; x_wconf 88' lang='lat' dir='ltr'><strong>alia</strong></span> <span class='ocrx_word' id='word_1_127' title='bbox 1727 870 1818 904; x_wconf 89' lang='lat' dir='ltr'><strong>dicte</strong></span> <span class='ocrx_word' id='word_1_128' title='bbox 1843 869 1943 904; x_wconf 88' lang='lat' dir='ltr'><strong>Sedis</strong></span> <span class='ocrx_word' id='word_1_129' title='bbox 1968 870 2179 914; x_wconf 86' lang='lat' dir='ltr'><strong>indulgentia</strong></span> <span class='ocrx_word' id='word_1_130' title='bbox 2206 862 2343 915; x_wconf 66' lang='lat' dir='ltr'><strong>gene--v</strong></span> 
     </span>
     <span class='ocr_line' id='line_1_25' title="bbox 484 931 2344 977; baseline 0.003 -14"><span class='ocrx_word' id='word_1_131' title='bbox 484 932 542 964; x_wconf 92' lang='lat' dir='ltr'><strong>rali</strong></span> <span class='ocrx_word' id='word_1_132' title='bbox 570 931 621 964; x_wconf 87' lang='lat' dir='ltr'><strong>vel</strong></span> <span class='ocrx_word' id='word_1_133' title='bbox 648 931 781 972; x_wconf 89' lang='lat' dir='ltr'><strong>spetiali</strong></span> <span class='ocrx_word' id='word_1_134' title='bbox 808 932 1055 973; x_wconf 86' lang='lat' dir='ltr'><strong>cuiuscumque</strong></span> <span class='ocrx_word' id='word_1_135' title='bbox 1087 932 1215 965; x_wconf 88' lang='lat' dir='ltr'><strong>tenoris</strong></span> <span class='ocrx_word' id='word_1_136' title='bbox 1239 932 1365 965; x_wconf 89' lang='lat' dir='ltr'><strong>existat</strong></span> <span class='ocrx_word' id='word_1_137' title='bbox 1390 941 1449 974; x_wconf 91' lang='lat' dir='ltr'><strong>per</strong></span> <span class='ocrx_word' id='word_1_138' title='bbox 1473 941 1575 974; x_wconf 88' lang='lat' dir='ltr'><strong>quam</strong></span> <span class='ocrx_word' id='word_1_139' title='bbox 1611 933 1828 975; x_wconf 88' lang='lat' dir='ltr'><strong>presentibus</strong></span> <span class='ocrx_word' id='word_1_140' title='bbox 1853 942 1919 967; x_wconf 91' lang='lat' dir='ltr'><strong>non</strong></span> <span class='ocrx_word' id='word_1_141' title='bbox 1944 942 2109 976; x_wconf 87' lang='lat' dir='ltr'><strong>expresse</strong></span> <span class='ocrx_word' id='word_1_142' title='bbox 2134 934 2188 968; x_wconf 89' lang='lat' dir='ltr'><strong>vel</strong></span> <span class='ocrx_word' id='word_1_143' title='bbox 2221 936 2344 977; x_wconf 58' lang='lat' dir='ltr'><strong>tota»</strong></span> 
     </span>
     <span class='ocr_line' id='line_1_26' title="bbox 483 994 2340 1040; baseline 0.003 -14"><span class='ocrx_word' id='word_1_144' title='bbox 483 994 557 1026; x_wconf 89' lang='lat' dir='ltr'><strong>liter</strong></span> <span class='ocrx_word' id='word_1_145' title='bbox 581 1003 648 1026; x_wconf 92' lang='lat' dir='ltr'><strong>non</strong></span> <span class='ocrx_word' id='word_1_146' title='bbox 682 995 840 1027; x_wconf 88' lang='lat' dir='ltr'><strong>insertam</strong></span> <span class='ocrx_word' id='word_1_147' title='bbox 866 996 922 1027; x_wconf 89' lang='lat' dir='ltr'><strong>tue</strong></span> <span class='ocrx_word' id='word_1_148' title='bbox 948 994 1193 1028; x_wconf 90' lang='lat' dir='ltr'><strong>iurisdictionis</strong></span> <span class='ocrx_word' id='word_1_149' title='bbox 1228 994 1397 1037; x_wconf 88' lang='lat' dir='ltr'><strong>explicate</strong></span> <span class='ocrx_word' id='word_1_150' title='bbox 1423 996 1455 1028; x_wconf 93' lang='lat' dir='ltr'><strong>in</strong></span> <span class='ocrx_word' id='word_1_151' title='bbox 1481 995 1543 1029; x_wconf 86' lang='lat' dir='ltr'><strong>hac</strong></span> <span class='ocrx_word' id='word_1_152' title='bbox 1569 998 1663 1038; x_wconf 90' lang='lat' dir='ltr'><strong>parte</strong></span> <span class='ocrx_word' id='word_1_153' title='bbox 1700 995 1810 1030; x_wconf 88' lang='lat' dir='ltr'><strong>valeat</strong></span> <span class='ocrx_word' id='word_1_154' title='bbox 1846 996 2104 1038; x_wconf 85' lang='lat' dir='ltr'><strong>quomodolibet</strong></span> <span class='ocrx_word' id='word_1_155' title='bbox 2139 997 2340 1040; x_wconf 73' lang='lat' dir='ltr'><strong>impediri,</strong></span> 
     </span>
     <span class='ocr_line' id='line_1_27' title="bbox 482 1056 1461 1100; baseline 0.003 -12"><span class='ocrx_word' id='word_1_156' title='bbox 482 1057 562 1098; x_wconf 82' lang='lat' dir='ltr'><strong>quia</strong></span> <span class='ocrx_word' id='word_1_157' title='bbox 588 1056 701 1098; x_wconf 90' lang='lat' dir='ltr'><strong>quoad</strong></span> <span class='ocrx_word' id='word_1_158' title='bbox 728 1056 790 1089; x_wconf 84' lang='lat' dir='ltr'><strong>hec</strong></span> <span class='ocrx_word' id='word_1_159' title='bbox 815 1056 864 1089; x_wconf 91' lang='lat' dir='ltr'><strong>eis</strong></span> <span class='ocrx_word' id='word_1_160' title='bbox 890 1056 1049 1090; x_wconf 93' lang='lat' dir='ltr'><strong>nolumus</strong></span> <span class='ocrx_word' id='word_1_161' title='bbox 1074 1057 1106 1089; x_wconf 94' lang='lat' dir='ltr'><strong>in</strong></span> <span class='ocrx_word' id='word_1_162' title='bbox 1131 1056 1248 1099; x_wconf 89' lang='lat' dir='ltr'><strong>aliquo</strong></span> <span class='ocrx_word' id='word_1_163' title='bbox 1273 1057 1461 1100; x_wconf 78' lang='lat' dir='ltr'><strong>suffragari.</strong></span> 
     </span>
    </p>
   </div>
   <div class='ocr_carea' id='block_1_5' title="bbox 570 1102 2333 1164">
    <p class='ocr_par' dir='ltr' id='par_1_5' title="bbox 570 1102 2333 1164">
     <span class='ocr_line' id='line_1_28' title="bbox 570 1102 2333 1164; baseline 0.003 -14"><span class='ocrx_word' id='word_1_164' title='bbox 570 1117 694 1151; x_wconf 94' lang='lat' dir='ltr'><strong>Datum</strong></span> <span class='ocrx_word' id='word_1_165' title='bbox 721 1117 825 1152; x_wconf 80' lang='lat' dir='ltr'><strong>Rome</strong></span> <span class='ocrx_word' id='word_1_166' title='bbox 849 1119 941 1160; x_wconf 88' lang='lat' dir='ltr'><strong>apud</strong></span> <span class='ocrx_word' id='word_1_167' title='bbox 967 1121 1122 1152; x_wconf 90' lang='lat' dir='ltr'><strong>sanctum</strong></span> <span class='ocrx_word' id='word_1_168' title='bbox 1147 1118 1294 1159; x_wconf 85' lang='lat' dir='ltr'><strong>Petrum,</strong></span> <span class='ocrx_word' id='word_1_169' title='bbox 1320 1120 1340 1152; x_wconf 94' lang='grc'><strong>7</strong></span> <span class='ocrx_word' id='word_1_170' title='bbox 1365 1119 1445 1153; x_wconf 90' lang='lat' dir='ltr'><strong>ldus</strong></span> <span class='ocrx_word' id='word_1_171' title='bbox 1469 1119 1607 1162; x_wconf 86' lang='lat' dir='ltr'><strong>Aprilis,</strong></span> <span class='ocrx_word' id='word_1_172' title='bbox 1633 1119 1855 1155; x_wconf 83' lang='lat' dir='ltr'><strong>Pontificatus</strong></span> <span class='ocrx_word' id='word_1_173' title='bbox 1878 1122 1984 1154; x_wconf 87' lang='lat' dir='ltr'><strong>nostri</strong></span> <span class='ocrx_word' id='word_1_174' title='bbox 2008 1130 2100 1155; x_wconf 87' lang='lat' dir='ltr'><strong>anno</strong></span> <span class='ocrx_word' id='word_1_175' title='bbox 2131 1122 2262 1164; x_wconf 83' lang='lat' dir='ltr'><strong>quinto.</strong></span> <span class='ocrx_word' id='word_1_176' title='bbox 2303 1102 2333 1114; x_wconf 39' lang='lat'><em>⁵</em></span> 
     </span>
    </p>
   </div>
   <div class='ocr_carea' id='block_1_6' title="bbox 1303 1374 1487 1417">
    <p class='ocr_par' dir='ltr' id='par_1_6' title="bbox 1303 1374 1487 1417">
     <span class='ocr_line' id='line_1_29' title="bbox 1303 1374 1487 1417; baseline -0.005 0"><span class='ocrx_word' id='word_1_177' title='bbox 1303 1374 1487 1417; x_wconf 91' lang='lat' dir='ltr'>CVIII.</span> 
     </span>
    </p>
   </div>
   <div class='ocr_carea' id='block_1_7' title="bbox 571 1474 2342 1531">
    <p class='ocr_par' dir='ltr' id='par_1_7' title="bbox 571 1474 2342 1531">
     <span class='ocr_line' id='line_1_30' title="bbox 571 1474 2342 1531; baseline 0.003 -18"><span class='ocrx_word' id='word_1_178' title='bbox 571 1485 623 1513; x_wconf 89' lang='lat' dir='ltr'><strong>La</strong></span> <span class='ocrx_word' id='word_1_179' title='bbox 649 1484 836 1514; x_wconf 77' lang='lat' dir='ltr'><strong>Comunita</strong></span> <span class='ocrx_word' id='word_1_180' title='bbox 861 1485 897 1514; x_wconf 92' lang='lat' dir='ltr'><strong>di</strong></span> <span class='ocrx_word' id='word_1_181' title='bbox 923 1485 958 1515; x_wconf 91' lang='lat' dir='ltr'><strong>S.</strong></span> <span class='ocrx_word' id='word_1_182' title='bbox 985 1485 1161 1522; x_wconf 87' lang='lat' dir='ltr'><strong>Agostino</strong></span> <span class='ocrx_word' id='word_1_183' title='bbox 1192 1490 1354 1523; x_wconf 89' lang='lat' dir='ltr'><strong>permuta</strong></span> <span class='ocrx_word' id='word_1_184' title='bbox 1387 1485 1504 1515; x_wconf 86' lang='lat' dir='ltr'><strong>alcuni</strong></span> <span class='ocrx_word' id='word_1_185' title='bbox 1528 1486 1609 1516; x_wconf 88' lang='lat' dir='ltr'><strong>beni</strong></span> <span class='ocrx_word' id='word_1_186' title='bbox 1635 1487 1759 1516; x_wconf 84' lang='lat' dir='ltr'><strong>stabili</strong></span> <span class='ocrx_word' id='word_1_187' title='bbox 1783 1495 1850 1517; x_wconf 86' lang='lat' dir='ltr'><strong>con</strong></span> <span class='ocrx_word' id='word_1_188' title='bbox 1873 1487 2067 1518; x_wconf 86' lang='lat' dir='ltr'><strong>Antoniolo</strong></span> <span class='ocrx_word' id='word_1_189' title='bbox 2090 1488 2206 1519; x_wconf 66' lang='lat' dir='ltr'><strong>Areae</strong></span> <span class='ocrx_word' id='word_1_190' title='bbox 2228 1474 2342 1531; x_wconf 47' lang='grc' dir='ltr'><strong>(1)..,Ῠς</strong></span> 
     </span>
    </p>
   </div>
   <div class='ocr_carea' id='block_1_8' title="bbox 1129 1579 2350 1626">
    <p class='ocr_par' dir='ltr' id='par_1_8' title="bbox 1129 1573 2350 1633">
     <span class='ocr_line' id='line_1_31' title="bbox 1129 1579 2350 1626; baseline 0.003 -10"><span class='ocrx_word' id='word_1_191' title='bbox 1129 1591 1286 1624; x_wconf 67' lang='lat'><strong>1394,</strong></span> <span class='ocrx_word' id='word_1_192' title='bbox 1306 1597 1414 1618; x_wconf 75' lang='lat' dir='ltr'><strong>ma</strong></span> <span class='ocrx_word' id='word_1_193' title='bbox 1418 1591 1565 1626; x_wconf 61' lang='lat'>22:10,</span> <span class='ocrx_word' id='word_1_194' title='bbox 1585 1592 1665 1619; x_wconf 80' lang='lat'><strong>19.</strong></span> <span class='ocrx_word' id='word_1_195' title='bbox 2341 1579 2350 1587; x_wconf 25' lang='grc' dir='ltr'><strong>ι’</strong></span> 
     </span>
    </p>
   </div>
   <div class='ocr_carea' id='block_1_9' title="bbox 1040 1671 1742 1699">
    <p class='ocr_par' dir='ltr' id='par_1_9' title="bbox 1040 1671 1742 1699">
     <span class='ocr_line' id='line_1_32' title="bbox 1040 1671 1742 1699; baseline 0.003 -6"><span class='ocrx_word' id='word_1_196' title='bbox 1040 1671 1118 1697; x_wconf 84' lang='lat' dir='ltr'><strong>(Arch.</strong></span> <span class='ocrx_word' id='word_1_197' title='bbox 1134 1671 1216 1694; x_wconf 81' lang='lat' dir='ltr'><strong>Notat.</strong></span> <span class='ocrx_word' id='word_1_198' title='bbox 1232 1671 1255 1694; x_wconf 83' lang='lat' dir='ltr'><strong>di</strong></span> <span class='ocrx_word' id='word_1_199' title='bbox 1273 1671 1345 1694; x_wconf 81' lang='lat' dir='ltr'><strong>Pavia</strong></span> <span class='ocrx_word' id='word_1_200' title='bbox 1359 1683 1385 1687; x_wconf 94' lang='lat'><em>-</em></span> <span class='ocrx_word' id='word_1_201' title='bbox 1399 1672 1449 1695; x_wconf 82' lang='lat' dir='ltr'><strong>Atti</strong></span> <span class='ocrx_word' id='word_1_202' title='bbox 1464 1672 1487 1694; x_wconf 85' lang='lat' dir='ltr'><strong>di</strong></span> <span class='ocrx_word' id='word_1_203' title='bbox 1502 1672 1616 1695; x_wconf 85' lang='lat' dir='ltr'><strong>Giovanni</strong></span> <span class='ocrx_word' id='word_1_204' title='bbox 1631 1672 1742 1699; x_wconf 80' lang='lat' dir='ltr'><strong>oleario).</strong></span> 
     </span>
    </p>
   </div>
   <div class='ocr_carea' id='block_1_10' title="bbox 478 1773 2379 2696">
    <p class='ocr_par' dir='ltr' id='par_1_10' title="bbox 493 1773 2350 1990">
     <span class='ocr_line' id='line_1_33' title="bbox 495 1773 2341 1938; baseline 0.004 -72"><span class='ocrx_word' id='word_1_205' title='bbox 495 1778 498 1882; x_wconf 55' lang='lat' dir='ltr'>t</span> <span class='ocrx_word' id='word_1_206' title='bbox 558 1822 677 1938; x_wconf 82' lang='grc' dir='ltr'>Α</span> <span class='ocrx_word' id='word_1_207' title='bbox 721 1773 807 1868; x_wconf 55' lang='lat' dir='ltr'><strong>JNNO</strong></span> <span class='ocrx_word' id='word_1_208' title='bbox 832 1844 851 1867; x_wconf 96' lang='lat' dir='ltr'><strong>a</strong></span> <span class='ocrx_word' id='word_1_209' title='bbox 877 1836 1051 1868; x_wconf 89' lang='lat' dir='ltr'><strong>nativitate</strong></span> <span class='ocrx_word' id='word_1_210' title='bbox 1085 1835 1221 1868; x_wconf 93' lang='lat' dir='ltr'><strong>Domini</strong></span> <span class='ocrx_word' id='word_1_211' title='bbox 1251 1836 1432 1869; x_wconf 91' lang='lat' dir='ltr'><strong>millesimo</strong></span> <span class='ocrx_word' id='word_1_212' title='bbox 1463 1837 1701 1870; x_wconf 90' lang='lat' dir='ltr'><strong>trecentesimo</strong></span> <span class='ocrx_word' id='word_1_213' title='bbox 1733 1838 1958 1880; x_wconf 86' lang='lat' dir='ltr'><strong>nonagesimo</strong></span> <span class='ocrx_word' id='word_1_214' title='bbox 1982 1840 2114 1880; x_wconf 82' lang='lat' dir='ltr'><strong>quarto,</strong></span> <span class='ocrx_word' id='word_1_215' title='bbox 2139 1823 2341 1883; x_wconf 29' lang='lat' dir='ltr'><strong>indicione?-</strong></span> 
     </span>
     <span class='ocr_line' id='line_1_34' title="bbox 493 1891 2349 1990; baseline 0.003 -60"><span class='ocrx_word' id='word_1_216' title='bbox 493 1894 496 1990; x_wconf 54' lang='grc' dir='ltr'><strong><em>ι</em></strong></span> <span class='ocrx_word' id='word_1_217' title='bbox 750 1899 912 1938; x_wconf 90' lang='lat' dir='ltr'><strong>secunda,</strong></span> <span class='ocrx_word' id='word_1_218' title='bbox 937 1899 992 1931; x_wconf 91' lang='lat' dir='ltr'><strong>die</strong></span> <span class='ocrx_word' id='word_1_219' title='bbox 1017 1899 1242 1932; x_wconf 89' lang='lat' dir='ltr'><strong>decimonono</strong></span> <span class='ocrx_word' id='word_1_220' title='bbox 1267 1900 1395 1933; x_wconf 91' lang='lat' dir='ltr'><strong>mensis</strong></span> <span class='ocrx_word' id='word_1_221' title='bbox 1421 1900 1516 1940; x_wconf 87' lang='lat' dir='ltr'><strong>Maii,</strong></span> <span class='ocrx_word' id='word_1_222' title='bbox 1541 1901 1624 1933; x_wconf 91' lang='lat' dir='ltr'><strong>hora</strong></span> <span class='ocrx_word' id='word_1_223' title='bbox 1648 1909 1746 1934; x_wconf 90' lang='lat' dir='ltr'><strong>none.</strong></span> <span class='ocrx_word' id='word_1_224' title='bbox 1774 1900 1808 1933; x_wconf 92' lang='lat' dir='ltr'><strong>ln</strong></span> <span class='ocrx_word' id='word_1_225' title='bbox 1833 1900 1952 1943; x_wconf 86' lang='lat' dir='ltr'><strong>Papia,</strong></span> <span class='ocrx_word' id='word_1_226' title='bbox 1977 1901 2136 1935; x_wconf 88' lang='lat' dir='ltr'><strong>videlicet</strong></span> <span class='ocrx_word' id='word_1_227' title='bbox 2159 1901 2192 1935; x_wconf 87' lang='lat' dir='ltr'><strong>in</strong></span> <span class='ocrx_word' id='word_1_228' title='bbox 2217 1891 2349 1940; x_wconf 44' lang='lat' dir='ltr'><strong>clau?</strong></span> 
     </span>
    </p>

    <p class='ocr_par' dir='ltr' id='par_1_11' title="bbox 478 1961 2379 2702">
     <span class='ocr_line' id='line_1_35' title="bbox 621 1961 2350 2006; baseline 0.004 -13"><span class='ocrx_word' id='word_1_229' title='bbox 621 1985 723 1998; x_wconf 41' lang='grc' dir='ltr'><strong>ᾖ,</strong></span> <span class='ocrx_word' id='word_1_230' title='bbox 751 1963 821 1994; x_wconf 87' lang='lat' dir='ltr'><strong>stro</strong></span> <span class='ocrx_word' id='word_1_231' title='bbox 846 1961 998 1994; x_wconf 86' lang='lat' dir='ltr'><strong>Fratrum</strong></span> <span class='ocrx_word' id='word_1_232' title='bbox 1024 1961 1269 1995; x_wconf 86' lang='lat' dir='ltr'><strong>Heremitarum</strong></span> <span class='ocrx_word' id='word_1_233' title='bbox 1294 1963 1402 1996; x_wconf 90' lang='lat' dir='ltr'><strong>sancti</strong></span> <span class='ocrx_word' id='word_1_234' title='bbox 1428 1962 1611 2006; x_wconf 87' lang='lat' dir='ltr'><strong>Augustini</strong></span> <span class='ocrx_word' id='word_1_235' title='bbox 1636 1963 1785 1997; x_wconf 89' lang='lat' dir='ltr'><strong>civitatis</strong></span> <span class='ocrx_word' id='word_1_236' title='bbox 1810 1964 1976 2004; x_wconf 91' lang='lat' dir='ltr'><strong>eiusdem,</strong></span> <span class='ocrx_word' id='word_1_237' title='bbox 1993 1963 2094 1997; x_wconf 87' lang='lat' dir='ltr'><strong>Porte</strong></span> <span class='ocrx_word' id='word_1_238' title='bbox 2118 1963 2350 2000; x_wconf 64' lang='grc' dir='ltr'>[ειυᾱειιείι</span> 
     </span>
     <span class='ocr_line' id='line_1_36' title="bbox 478 2022 2340 2075; baseline 0.003 -20"><span class='ocrx_word' id='word_1_239' title='bbox 478 2031 539 2055; x_wconf 90' lang='lat' dir='ltr'><strong>seu</strong></span> <span class='ocrx_word' id='word_1_240' title='bbox 565 2022 704 2063; x_wconf 85' lang='lat' dir='ltr'><strong>Palacii,</strong></span> <span class='ocrx_word' id='word_1_241' title='bbox 730 2025 890 2065; x_wconf 88' lang='lat' dir='ltr'><strong>parochie</strong></span> <span class='ocrx_word' id='word_1_242' title='bbox 922 2025 1030 2057; x_wconf 92' lang='lat' dir='ltr'><strong>sancti</strong></span> <span class='ocrx_word' id='word_1_243' title='bbox 1056 2024 1191 2058; x_wconf 90' lang='lat' dir='ltr'><strong>Andree</strong></span> <span class='ocrx_word' id='word_1_244' title='bbox 1216 2034 1275 2058; x_wconf 90' lang='lat' dir='ltr'><strong>seu</strong></span> <span class='ocrx_word' id='word_1_245' title='bbox 1301 2026 1410 2059; x_wconf 91' lang='lat' dir='ltr'><strong>sancti</strong></span> <span class='ocrx_word' id='word_1_246' title='bbox 1436 2025 1512 2058; x_wconf 93' lang='lat' dir='ltr'><strong>Viti.</strong></span> <span class='ocrx_word' id='word_1_247' title='bbox 1539 2025 1573 2058; x_wconf 89' lang='lat' dir='ltr'><strong>ln</strong></span> <span class='ocrx_word' id='word_1_248' title='bbox 1599 2027 1771 2068; x_wconf 89' lang='lat' dir='ltr'><strong>presentia</strong></span> <span class='ocrx_word' id='word_1_249' title='bbox 1800 2027 1864 2060; x_wconf 89' lang='lat' dir='ltr'><strong>mei</strong></span> <span class='ocrx_word' id='word_1_250' title='bbox 1897 2027 2017 2060; x_wconf 89' lang='lat' dir='ltr'><strong>notarii</strong></span> <span class='ocrx_word' id='word_1_251' title='bbox 2042 2029 2076 2060; x_wconf 90' lang='lat' dir='ltr'><strong>et</strong></span> <span class='ocrx_word' id='word_1_252' title='bbox 2099 2027 2236 2060; x_wconf 88' lang='lat' dir='ltr'><strong>testium</strong></span> <span class='ocrx_word' id='word_1_253' title='bbox 2259 2027 2340 2075; x_wconf 59' lang='lat' dir='ltr'><strong>int—{J</strong></span> 
     </span>
     <span class='ocr_line' id='line_1_37' title="bbox 478 2085 2343 2132; baseline 0.004 -15"><span class='ocrx_word' id='word_1_254' title='bbox 478 2085 744 2127; x_wconf 75' lang='lat' dir='ltr'><strong>trascriptorum.</strong></span> <span class='ocrx_word' id='word_1_255' title='bbox 771 2085 972 2119; x_wconf 91' lang='lat' dir='ltr'><strong>Convocato</strong></span> <span class='ocrx_word' id='word_1_256' title='bbox 997 2089 1028 2120; x_wconf 93' lang='lat' dir='ltr'><strong>et</strong></span> <span class='ocrx_word' id='word_1_257' title='bbox 1053 2090 1261 2130; x_wconf 87' lang='lat' dir='ltr'><strong>congregato</strong></span> <span class='ocrx_word' id='word_1_258' title='bbox 1286 2086 1447 2130; x_wconf 91' lang='lat' dir='ltr'><strong>Capitulo</strong></span> <span class='ocrx_word' id='word_1_259' title='bbox 1475 2089 1613 2122; x_wconf 82' lang='lat' dir='ltr'><strong>fratrum</strong></span> <span class='ocrx_word' id='word_1_260' title='bbox 1633 2088 1879 2122; x_wconf 86' lang='lat' dir='ltr'><strong>Heremitarum</strong></span> <span class='ocrx_word' id='word_1_261' title='bbox 1911 2090 2019 2123; x_wconf 86' lang='lat' dir='ltr'><strong>sancti</strong></span> <span class='ocrx_word' id='word_1_262' title='bbox 2044 2089 2238 2132; x_wconf 86' lang='lat' dir='ltr'><strong>Augustini,</strong></span> <span class='ocrx_word' id='word_1_263' title='bbox 2261 2089 2343 2125; x_wconf 75' lang='lat' dir='ltr'><strong>de</strong></span> 
     </span>
     <span class='ocr_line' id='line_1_38' title="bbox 480 2148 2353 2203; baseline 0.004 -23"><span class='ocrx_word' id='word_1_264' title='bbox 480 2148 640 2181; x_wconf 91' lang='lat' dir='ltr'><strong>mandato</strong></span> <span class='ocrx_word' id='word_1_265' title='bbox 673 2149 849 2182; x_wconf 90' lang='lat' dir='ltr'><strong>reverendi</strong></span> <span class='ocrx_word' id='word_1_266' title='bbox 884 2150 990 2191; x_wconf 89' lang='lat' dir='ltr'><strong>patris</strong></span> <span class='ocrx_word' id='word_1_267' title='bbox 1015 2152 1046 2183; x_wconf 93' lang='lat' dir='ltr'><strong>et</strong></span> <span class='ocrx_word' id='word_1_268' title='bbox 1070 2151 1197 2183; x_wconf 90' lang='lat' dir='ltr'><strong>domini</strong></span> <span class='ocrx_word' id='word_1_269' title='bbox 1223 2151 1335 2184; x_wconf 80' lang='lat' dir='ltr'><strong>fratris</strong></span> <span class='ocrx_word' id='word_1_270' title='bbox 1360 2149 1486 2184; x_wconf 79' lang='lat' dir='ltr'><strong>Stefani</strong></span> <span class='ocrx_word' id='word_1_271' title='bbox 1513 2152 1555 2184; x_wconf 92' lang='lat' dir='ltr'><strong>de</strong></span> <span class='ocrx_word' id='word_1_272' title='bbox 1580 2150 1752 2185; x_wconf 87' lang='lat' dir='ltr'><strong>Guaschis</strong></span> <span class='ocrx_word' id='word_1_273' title='bbox 1777 2152 1819 2185; x_wconf 91' lang='lat' dir='ltr'><strong>de</strong></span> <span class='ocrx_word' id='word_1_274' title='bbox 1843 2151 2062 2192; x_wconf 91' lang='lat' dir='ltr'><strong>Alexandria,</strong></span> <span class='ocrx_word' id='word_1_275' title='bbox 2086 2151 2353 2203; x_wconf 56' lang='lat' dir='ltr'><strong>provincialis}</strong></span> 
     </span>
     <span class='ocr_line' id='line_1_39' title="bbox 480 2209 2344 2263; baseline 0.003 -20"><span class='ocrx_word' id='word_1_276' title='bbox 480 2209 620 2243; x_wconf 90' lang='lat' dir='ltr'><strong>Ordinis</strong></span> <span class='ocrx_word' id='word_1_277' title='bbox 645 2212 807 2245; x_wconf 89' lang='lat' dir='ltr'><strong>antedicti</strong></span> <span class='ocrx_word' id='word_1_278' title='bbox 834 2213 1008 2254; x_wconf 89' lang='lat' dir='ltr'><strong>provincie</strong></span> <span class='ocrx_word' id='word_1_279' title='bbox 1034 2213 1246 2253; x_wconf 91' lang='lat' dir='ltr'><strong>Lombardie,</strong></span> <span class='ocrx_word' id='word_1_280' title='bbox 1287 2223 1348 2247; x_wconf 92' lang='lat' dir='ltr'><strong>nec</strong></span> <span class='ocrx_word' id='word_1_281' title='bbox 1385 2223 1452 2247; x_wconf 93' lang='lat' dir='ltr'><strong>non</strong></span> <span class='ocrx_word' id='word_1_282' title='bbox 1487 2214 1600 2247; x_wconf 82' lang='lat' dir='ltr'><strong>fratris</strong></span> <span class='ocrx_word' id='word_1_283' title='bbox 1636 2214 1725 2248; x_wconf 87' lang='lat' dir='ltr'><strong>Petri</strong></span> <span class='ocrx_word' id='word_1_284' title='bbox 1762 2215 1804 2248; x_wconf 90' lang='lat' dir='ltr'><strong>de</strong></span> <span class='ocrx_word' id='word_1_285' title='bbox 1841 2214 2065 2249; x_wconf 84' lang='lat' dir='ltr'><strong>Rustionibus</strong></span> <span class='ocrx_word' id='word_1_286' title='bbox 2100 2213 2344 2263; x_wconf 51' lang='lat' dir='ltr'><strong>Subpriorizf</strong></span> 
     </span>
     <span class='ocr_line' id='line_1_40' title="bbox 481 2274 2345 2324; baseline 0.003 -18"><span class='ocrx_word' id='word_1_287' title='bbox 481 2274 557 2315; x_wconf 82' lang='lat' dir='ltr'><strong>Ipso</strong></span> <span class='ocrx_word' id='word_1_288' title='bbox 582 2276 753 2307; x_wconf 89' lang='lat' dir='ltr'><strong>conventu</strong></span> <span class='ocrx_word' id='word_1_289' title='bbox 780 2275 946 2308; x_wconf 88' lang='lat' dir='ltr'><strong>vachante</strong></span> <span class='ocrx_word' id='word_1_290' title='bbox 980 2275 1095 2308; x_wconf 85' lang='lat' dir='ltr'><strong>Priore</strong></span> <span class='ocrx_word' id='word_1_291' title='bbox 1135 2279 1274 2318; x_wconf 90' lang='lat' dir='ltr'><strong>propter</strong></span> <span class='ocrx_word' id='word_1_292' title='bbox 1312 2277 1580 2319; x_wconf 88' lang='lat' dir='ltr'><strong>repudiationem</strong></span> <span class='ocrx_word' id='word_1_293' title='bbox 1617 2277 1740 2311; x_wconf 79' lang='lat' dir='ltr'><strong>factam</strong></span> <span class='ocrx_word' id='word_1_294' title='bbox 1778 2287 1838 2319; x_wconf 92' lang='lat' dir='ltr'><strong>per</strong></span> <span class='ocrx_word' id='word_1_295' title='bbox 1873 2278 2008 2311; x_wconf 80' lang='lat' dir='ltr'><strong>tratrem</strong></span> <span class='ocrx_word' id='word_1_296' title='bbox 2045 2277 2235 2312; x_wconf 87' lang='lat' dir='ltr'><strong>Iohannem</strong></span> <span class='ocrx_word' id='word_1_297' title='bbox 2265 2277 2345 2324; x_wconf 61' lang='lat' dir='ltr'><strong>def}</strong></span> 
     </span>
     <span class='ocr_line' id='line_1_41' title="bbox 481 2333 2379 2400; baseline 0.004 -32"><span class='ocrx_word' id='word_1_298' title='bbox 481 2336 582 2369; x_wconf 91' lang='lat' dir='ltr'><strong>lanua</strong></span> <span class='ocrx_word' id='word_1_299' title='bbox 599 2337 679 2369; x_wconf 92' lang='lat' dir='ltr'><strong>olim</strong></span> <span class='ocrx_word' id='word_1_300' title='bbox 706 2338 816 2379; x_wconf 90' lang='lat' dir='ltr'><strong>ipsius</strong></span> <span class='ocrx_word' id='word_1_301' title='bbox 841 2340 1032 2371; x_wconf 90' lang='lat' dir='ltr'><strong>conventus</strong></span> <span class='ocrx_word' id='word_1_302' title='bbox 1058 2338 1218 2379; x_wconf 85' lang='lat' dir='ltr'><strong>Priorem,</strong></span> <span class='ocrx_word' id='word_1_303' title='bbox 1244 2348 1341 2372; x_wconf 89' lang='lat' dir='ltr'><strong>suam</strong></span> <span class='ocrx_word' id='word_1_304' title='bbox 1367 2341 1602 2373; x_wconf 87' lang='lat' dir='ltr'><strong>auctoritatem</strong></span> <span class='ocrx_word' id='word_1_305' title='bbox 1631 2343 1800 2382; x_wconf 91' lang='lat' dir='ltr'><strong>suumque</strong></span> <span class='ocrx_word' id='word_1_306' title='bbox 1826 2341 1997 2374; x_wconf 89' lang='lat' dir='ltr'><strong>decretum</strong></span> <span class='ocrx_word' id='word_1_307' title='bbox 2023 2333 2350 2400; x_wconf 38' lang='lat' dir='ltr'><strong>interponentium?¹¹</strong></span> <span class='ocrx_word' id='word_1_308' title='bbox 2377 2388 2379 2390; x_wconf 21' lang='grc' dir='ltr'>Ι</span> 
     </span>
     <span class='ocr_line' id='line_1_42' title="bbox 484 2400 2353 2451; baseline 0.004 -20"><span class='ocrx_word' id='word_1_309' title='bbox 484 2400 644 2432; x_wconf 92' lang='lat' dir='ltr'><strong>omnibus</strong></span> <span class='ocrx_word' id='word_1_310' title='bbox 669 2402 701 2432; x_wconf 89' lang='lat' dir='ltr'><strong>et</strong></span> <span class='ocrx_word' id='word_1_311' title='bbox 726 2401 871 2443; x_wconf 89' lang='lat' dir='ltr'><strong>singulis</strong></span> <span class='ocrx_word' id='word_1_312' title='bbox 897 2401 1132 2443; x_wconf 86' lang='lat' dir='ltr'><strong>infrascriptis,</strong></span> <span class='ocrx_word' id='word_1_313' title='bbox 1151 2412 1228 2435; x_wconf 91' lang='lat' dir='ltr'><strong>cum</strong></span> <span class='ocrx_word' id='word_1_314' title='bbox 1253 2403 1353 2444; x_wconf 89' lang='lat' dir='ltr'><strong>plena</strong></span> <span class='ocrx_word' id='word_1_315' title='bbox 1378 2412 1482 2436; x_wconf 89' lang='lat' dir='ltr'><strong>cause</strong></span> <span class='ocrx_word' id='word_1_316' title='bbox 1514 2404 1718 2446; x_wconf 88' lang='lat' dir='ltr'><strong>cognitione,</strong></span> <span class='ocrx_word' id='word_1_317' title='bbox 1744 2413 1806 2446; x_wconf 90' lang='lat' dir='ltr'><strong>pro</strong></span> <span class='ocrx_word' id='word_1_318' title='bbox 1830 2404 2045 2446; x_wconf 82' lang='lat' dir='ltr'><strong>infrascripto</strong></span> <span class='ocrx_word' id='word_1_319' title='bbox 2070 2405 2208 2447; x_wconf 82' lang='lat' dir='ltr'><strong>negotio</strong></span> <span class='ocrx_word' id='word_1_320' title='bbox 2231 2413 2353 2451; x_wconf 44' lang='lat' dir='ltr'><strong>spe-33,</strong></span> 
     </span>
     <span class='ocr_line' id='line_1_43' title="bbox 486 2456 2347 2515; baseline 0.004 -21"><span class='ocrx_word' id='word_1_321' title='bbox 486 2462 615 2495; x_wconf 90' lang='lat' dir='ltr'><strong>cialiter</strong></span> <span class='ocrx_word' id='word_1_322' title='bbox 640 2464 846 2505; x_wconf 88' lang='lat' dir='ltr'><strong>peragendo;</strong></span> <span class='ocrx_word' id='word_1_323' title='bbox 872 2465 904 2496; x_wconf 91' lang='lat' dir='ltr'><strong>in</strong></span> <span class='ocrx_word' id='word_1_324' title='bbox 923 2473 992 2505; x_wconf 92' lang='lat' dir='ltr'><strong>quo</strong></span> <span class='ocrx_word' id='word_1_325' title='bbox 1009 2465 1146 2506; x_wconf 89' lang='lat' dir='ltr'><strong>quidem</strong></span> <span class='ocrx_word' id='word_1_326' title='bbox 1173 2466 1322 2507; x_wconf 90' lang='lat' dir='ltr'><strong>capitulo</strong></span> <span class='ocrx_word' id='word_1_327' title='bbox 1347 2466 1514 2499; x_wconf 81' lang='lat' dir='ltr'><strong>affuerunt</strong></span> <span class='ocrx_word' id='word_1_328' title='bbox 1537 2468 1569 2499; x_wconf 84' lang='lat' dir='ltr'><strong>et</strong></span> <span class='ocrx_word' id='word_1_329' title='bbox 1593 2468 1672 2499; x_wconf 93' lang='lat' dir='ltr'><strong>sunt</strong></span> <span class='ocrx_word' id='word_1_330' title='bbox 1697 2467 1838 2509; x_wconf 86' lang='lat' dir='ltr'><strong>predicti</strong></span> <span class='ocrx_word' id='word_1_331' title='bbox 1863 2467 1965 2500; x_wconf 81' lang='lat' dir='ltr'><strong>frater</strong></span> <span class='ocrx_word' id='word_1_332' title='bbox 1989 2465 2149 2501; x_wconf 76' lang='lat' dir='ltr'><strong>Stefanus</strong></span> <span class='ocrx_word' id='word_1_333' title='bbox 2173 2468 2347 2510; x_wconf 38' lang='lat' dir='ltr'><strong>provitri-</strong></span> 
     </span>
     <span class='ocr_line' id='line_1_44' title="bbox 493 2523 2346 2573; baseline 0.004 -15"><span class='ocrx_word' id='word_1_334' title='bbox 493 2525 590 2558; x_wconf 93' lang='lat' dir='ltr'><strong>cialis</strong></span> <span class='ocrx_word' id='word_1_335' title='bbox 615 2528 648 2558; x_wconf 89' lang='lat' dir='ltr'><strong>et</strong></span> <span class='ocrx_word' id='word_1_336' title='bbox 672 2526 774 2559; x_wconf 89' lang='lat' dir='ltr'><strong>frater</strong></span> <span class='ocrx_word' id='word_1_337' title='bbox 810 2526 931 2560; x_wconf 83' lang='lat' dir='ltr'><strong>Petrus</strong></span> <span class='ocrx_word' id='word_1_338' title='bbox 964 2528 1125 2569; x_wconf 89' lang='lat' dir='ltr'><strong>subprior</strong></span> <span class='ocrx_word' id='word_1_339' title='bbox 1156 2528 1327 2568; x_wconf 87' lang='lat' dir='ltr'><strong>antedicti,</strong></span> <span class='ocrx_word' id='word_1_340' title='bbox 1363 2528 1465 2561; x_wconf 81' lang='lat' dir='ltr'><strong>frater</strong></span> <span class='ocrx_word' id='word_1_341' title='bbox 1501 2527 1630 2562; x_wconf 83' lang='lat' dir='ltr'><strong>Paulus</strong></span> <span class='ocrx_word' id='word_1_342' title='bbox 1665 2529 1708 2562; x_wconf 92' lang='lat' dir='ltr'><strong>de</strong></span> <span class='ocrx_word' id='word_1_343' title='bbox 1743 2528 1934 2573; x_wconf 87' lang='lat' dir='ltr'><strong>Cambiago</strong></span> <span class='ocrx_word' id='word_1_344' title='bbox 1958 2531 2120 2573; x_wconf 85' lang='lat' dir='ltr'><strong>magister</strong></span> <span class='ocrx_word' id='word_1_345' title='bbox 2150 2531 2183 2564; x_wconf 89' lang='lat' dir='ltr'><strong>in</strong></span> <span class='ocrx_word' id='word_1_346' title='bbox 2215 2523 2346 2565; x_wconf 39' lang='lat' dir='ltr'><strong>saca&amp;</strong></span> 
     </span>
     <span class='ocr_line' id='line_1_45' title="bbox 484 2583 2359 2633; baseline 0.004 -13"><span class='ocrx_word' id='word_1_347' title='bbox 484 2588 610 2630; x_wconf 89' lang='lat' dir='ltr'><strong>pagina</strong></span> <span class='ocrx_word' id='word_1_348' title='bbox 635 2586 697 2629; x_wconf 89' lang='lat'><strong>(2),</strong></span> <span class='ocrx_word' id='word_1_349' title='bbox 730 2589 832 2622; x_wconf 83' lang='lat' dir='ltr'><strong>frater</strong></span> <span class='ocrx_word' id='word_1_350' title='bbox 864 2589 1030 2623; x_wconf 87' lang='lat' dir='ltr'><strong>lohannes</strong></span> <span class='ocrx_word' id='word_1_351' title='bbox 1063 2591 1104 2624; x_wconf 91' lang='lat' dir='ltr'><strong>de</strong></span> <span class='ocrx_word' id='word_1_352' title='bbox 1138 2590 1267 2624; x_wconf 88' lang='lat' dir='ltr'><strong>Vienna</strong></span> <span class='ocrx_word' id='word_1_353' title='bbox 1301 2591 1492 2624; x_wconf 89' lang='lat' dir='ltr'><strong>bacalarius</strong></span> <span class='ocrx_word' id='word_1_354' title='bbox 1516 2589 1579 2633; x_wconf 90' lang='grc'>(3),</span> <span class='ocrx_word' id='word_1_355' title='bbox 1603 2592 1706 2625; x_wconf 84' lang='lat' dir='ltr'><strong>trater</strong></span> <span class='ocrx_word' id='word_1_356' title='bbox 1737 2592 1974 2626; x_wconf 88' lang='lat' dir='ltr'><strong>Bartolomeus</strong></span> <span class='ocrx_word' id='word_1_357' title='bbox 2006 2593 2048 2626; x_wconf 92' lang='lat' dir='ltr'><strong>de</strong></span> <span class='ocrx_word' id='word_1_358' title='bbox 2080 2593 2233 2627; x_wconf 84' lang='lat' dir='ltr'><strong>Becariis</strong></span> <span class='ocrx_word' id='word_1_359' title='bbox 2264 2593 2350 2633; x_wconf 58' lang='lat' dir='ltr'><strong>de?</strong></span> 
     </span>
     <span class='ocr_line' id='line_1_46' title="bbox 489 2650 2312 2696; baseline 0.004 -14"><span class='ocrx_word' id='word_1_360' title='bbox 489 2650 697 2683; x_wconf 87' lang='lat' dir='ltr'><strong>Alexandria</strong></span> <span class='ocrx_word' id='word_1_361' title='bbox 722 2652 875 2685; x_wconf 91' lang='lat' dir='ltr'><strong>similiter</strong></span> <span class='ocrx_word' id='word_1_362' title='bbox 900 2653 1102 2692; x_wconf 89' lang='lat' dir='ltr'><strong>bacalarius,</strong></span> <span class='ocrx_word' id='word_1_363' title='bbox 1119 2653 1221 2686; x_wconf 81' lang='lat' dir='ltr'><strong>frater</strong></span> <span class='ocrx_word' id='word_1_364' title='bbox 1245 2654 1392 2687; x_wconf 81' lang='lat' dir='ltr'><strong>Michael</strong></span> <span class='ocrx_word' id='word_1_365' title='bbox 1418 2655 1460 2687; x_wconf 92' lang='lat' dir='ltr'><strong>de</strong></span> <span class='ocrx_word' id='word_1_366' title='bbox 1485 2653 1713 2696; x_wconf 81' lang='lat' dir='ltr'><strong>Squarzaficis</strong></span> <span class='ocrx_word' id='word_1_367' title='bbox 1737 2656 1779 2689; x_wconf 92' lang='lat' dir='ltr'><strong>de</strong></span> <span class='ocrx_word' id='word_1_368' title='bbox 1805 2655 1964 2689; x_wconf 89' lang='lat' dir='ltr'><strong>Terdona</strong></span> <span class='ocrx_word' id='word_1_369' title='bbox 1990 2656 2103 2695; x_wconf 88' lang='lat' dir='ltr'><strong>lector,</strong></span> <span class='ocrx_word' id='word_1_370' title='bbox 2120 2655 2223 2689; x_wconf 76' lang='lat' dir='ltr'><strong>frater</strong></span> <span class='ocrx_word' id='word_1_371' title='bbox 2246 2655 2350 2690; x_wconf 80' lang='lat' dir='ltr'><strong>Lu-</strong></span> 
     </span>
    </p>
   </div>
   <div class='ocr_carea' id='block_1_11' title="bbox 484 2707 2356 2759">
    <p class='ocr_par' dir='ltr' id='par_1_12' title="bbox 484 2699 2356 2771">
     <span class='ocr_line' id='line_1_47' title="bbox 484 2707 2356 2759; baseline 0.004 -13"><span class='ocrx_word' id='word_1_372' title='bbox 484 2714 655 2747; x_wconf 85' lang='lat' dir='ltr'><strong>dovichus</strong></span> <span class='ocrx_word' id='word_1_373' title='bbox 688 2715 730 2747; x_wconf 92' lang='lat' dir='ltr'><strong>de</strong></span> <span class='ocrx_word' id='word_1_374' title='bbox 764 2714 916 2755; x_wconf 89' lang='lat' dir='ltr'><strong>Becaria,</strong></span> <span class='ocrx_word' id='word_1_375' title='bbox 941 2715 1042 2749; x_wconf 83' lang='lat' dir='ltr'><strong>frater</strong></span> <span class='ocrx_word' id='word_1_376' title='bbox 1067 2715 1281 2758; x_wconf 86' lang='lat' dir='ltr'><strong>Augustinus</strong></span> <span class='ocrx_word' id='word_1_377' title='bbox 1313 2717 1355 2749; x_wconf 94' lang='lat' dir='ltr'><strong>de</strong></span> <span class='ocrx_word' id='word_1_378' title='bbox 1390 2717 1543 2757; x_wconf 83' lang='lat' dir='ltr'><strong>Ferariis‚</strong></span> <span class='ocrx_word' id='word_1_379' title='bbox 1568 2718 1670 2752; x_wconf 83' lang='lat' dir='ltr'><strong>frater</strong></span> <span class='ocrx_word' id='word_1_380' title='bbox 1701 2718 1874 2752; x_wconf 89' lang='lat' dir='ltr'><strong>Luchinus</strong></span> <span class='ocrx_word' id='word_1_381' title='bbox 1906 2720 1948 2752; x_wconf 93' lang='lat' dir='ltr'><strong>de</strong></span> <span class='ocrx_word' id='word_1_382' title='bbox 1980 2717 2183 2759; x_wconf 89' lang='lat' dir='ltr'><strong>Comitibus‚</strong></span> <span class='ocrx_word' id='word_1_383' title='bbox 2210 2707 2356 2756; x_wconf 73' lang='lat' dir='ltr'><strong>frater}-</strong></span> 
     </span>
    </p>
   </div>
   <div class='ocr_carea' id='block_1_12' title="bbox 721 1853 724 1984">
    <p class='ocr_par' dir='ltr' id='par_1_13' title="bbox 721 1853 724 1984">
     <span class='ocr_line' id='line_1_48' title="bbox 721 1853 724 1984; baseline 0 1616"><span class='ocrx_word' id='word_1_384' title='bbox 721 1853 724 1984; x_wconf 95' lang='lat' dir='ltr'><strong> </strong></span> 
     </span>
    </p>
   </div>
   <div class='ocr_carea' id='block_1_13' title="bbox 522 1994 619 1998">
    <p class='ocr_par' dir='ltr' id='par_1_14' title="bbox 522 1994 619 1998">
     <span class='ocr_line' id='line_1_49' title="bbox 522 1994 619 1998; baseline 0 0"><span class='ocrx_word' id='word_1_385' title='bbox 522 1994 619 1998; x_wconf 95' lang='lat' dir='ltr'><strong> </strong></span> 
     </span>
    </p>
   </div>
   <div class='ocr_carea' id='block_1_14' title="bbox 505 2811 707 2814">
    <p class='ocr_par' dir='ltr' id='par_1_15' title="bbox 505 2811 707 2814">
     <span class='ocr_line' id='line_1_50' title="bbox 505 2811 707 2814; baseline 0 0"><span class='ocrx_word' id='word_1_386' title='bbox 505 2811 707 2814; x_wconf 95' lang='lat' dir='ltr'><strong> </strong></span> 
     </span>
    </p>
   </div>
   <div class='ocr_carea' id='block_1_15' title="bbox 485 2863 2360 3170">
    <p class='ocr_par' dir='ltr' id='par_1_16' title="bbox 485 2863 2363 3124">
     <span class='ocr_line' id='line_1_51' title="bbox 485 2863 2355 2910; baseline 0.004 -17"><span class='ocrx_word' id='word_1_387' title='bbox 485 2871 580 2897; x_wconf 83' lang='lat' dir='ltr'><strong>quando</strong></span> <span class='ocrx_word' id='word_1_388' title='bbox 595 2872 718 2898; x_wconf 90' lang='lat' dir='ltr'><strong>imponeva</strong></span> <span class='ocrx_word' id='word_1_389' title='bbox 740 2873 785 2899; x_wconf 84' lang='lat' dir='ltr'><strong>agli</strong></span> <span class='ocrx_word' id='word_1_390' title='bbox 807 2872 952 2900; x_wconf 82' lang='lat' dir='ltr'><strong>Agostiniani</strong></span> <span class='ocrx_word' id='word_1_391' title='bbox 974 2874 995 2895; x_wconf 80' lang='lat' dir='ltr'><strong>la</strong></span> <span class='ocrx_word' id='word_1_392' title='bbox 1010 2875 1163 2896; x_wconf 79' lang='lat' dir='ltr'><strong>restituzione</strong></span> <span class='ocrx_word' id='word_1_393' title='bbox 1178 2874 1200 2896; x_wconf 88' lang='lat' dir='ltr'><strong>di</strong></span> <span class='ocrx_word' id='word_1_394' title='bbox 1215 2875 1272 2896; x_wconf 86' lang='lat' dir='ltr'><strong>certi</strong></span> <span class='ocrx_word' id='word_1_395' title='bbox 1296 2874 1368 2902; x_wconf 83' lang='lat' dir='ltr'><strong>tondi,</strong></span> <span class='ocrx_word' id='word_1_396' title='bbox 1424 2877 1477 2897; x_wconf 78' lang='lat' dir='ltr'><strong>cata</strong></span> <span class='ocrx_word' id='word_1_397' title='bbox 1491 2875 1521 2897; x_wconf 88' lang='lat' dir='ltr'><strong>ad</strong></span> <span class='ocrx_word' id='word_1_398' title='bbox 1536 2875 1612 2898; x_wconf 88' lang='lat' dir='ltr'><strong>alcuni</strong></span> <span class='ocrx_word' id='word_1_399' title='bbox 1626 2876 1716 2903; x_wconf 81' lang='lat' dir='ltr'><strong>storiel,</strong></span> <span class='ocrx_word' id='word_1_400' title='bbox 1731 2876 1773 2898; x_wconf 82' lang='lat' dir='ltr'><strong>che</strong></span> <span class='ocrx_word' id='word_1_401' title='bbox 1787 2882 1816 2898; x_wconf 89' lang='lat' dir='ltr'><strong>ne</strong></span> <span class='ocrx_word' id='word_1_402' title='bbox 1830 2877 1875 2898; x_wconf 73' lang='lat' dir='ltr'><strong>han</strong></span> <span class='ocrx_word' id='word_1_403' title='bbox 1890 2877 1989 2898; x_wconf 72' lang='lat' dir='ltr'><strong>trattato</strong></span> <span class='ocrx_word' id='word_1_404' title='bbox 1997 2877 2110 2904; x_wconf 71' lang='lat' dir='ltr'><strong>gestando</strong></span> <span class='ocrx_word' id='word_1_405' title='bbox 2120 2882 2166 2899; x_wconf 69' lang='lat' dir='ltr'><strong>una</strong></span> <span class='ocrx_word' id='word_1_406' title='bbox 2175 2876 2241 2900; x_wconf 71' lang='lat' dir='ltr'><strong>{osen</strong></span> <span class='ocrx_word' id='word_1_407' title='bbox 2254 2876 2307 2901; x_wconf 68' lang='lat' dir='ltr'><strong>lnce</strong></span> <span class='ocrx_word' id='word_1_408' title='bbox 2332 2863 2355 2910; x_wconf 53' lang='lat' dir='ltr'><em>J</em></span> 
     </span>
     <span class='ocr_line' id='line_1_52' title="bbox 486 2915 2330 2950; baseline 0.003 -14"><span class='ocrx_word' id='word_1_409' title='bbox 486 2915 504 2936; x_wconf 83' lang='lat' dir='ltr'><strong>si</strong></span> <span class='ocrx_word' id='word_1_410' title='bbox 521 2916 608 2937; x_wconf 83' lang='lat' dir='ltr'><strong>basava</strong></span> <span class='ocrx_word' id='word_1_411' title='bbox 623 2917 659 2937; x_wconf 83' lang='lat' dir='ltr'><strong>sui</strong></span> <span class='ocrx_word' id='word_1_412' title='bbox 676 2917 735 2943; x_wconf 83' lang='lat' dir='ltr'><strong>patti</strong></span> <span class='ocrx_word' id='word_1_413' title='bbox 751 2917 873 2939; x_wconf 80' lang='lat' dir='ltr'><strong>intercorsi</strong></span> <span class='ocrx_word' id='word_1_414' title='bbox 888 2919 924 2939; x_wconf 78' lang='lat' dir='ltr'><strong>tra</strong></span> <span class='ocrx_word' id='word_1_415' title='bbox 935 2918 965 2945; x_wconf 89' lang='lat' dir='ltr'><strong>gli</strong></span> <span class='ocrx_word' id='word_1_416' title='bbox 977 2918 1102 2940; x_wconf 84' lang='lat' dir='ltr'><strong>Eremitani</strong></span> <span class='ocrx_word' id='word_1_417' title='bbox 1117 2919 1146 2940; x_wconf 86' lang='lat' dir='ltr'><strong>ed</strong></span> <span class='ocrx_word' id='word_1_418' title='bbox 1166 2919 1172 2940; x_wconf 93' lang='lat' dir='ltr'><strong>i</strong></span> <span class='ocrx_word' id='word_1_419' title='bbox 1192 2918 1317 2946; x_wconf 77' lang='lat' dir='ltr'><strong>canonici;</strong></span> <span class='ocrx_word' id='word_1_420' title='bbox 1333 2925 1370 2941; x_wconf 83' lang='lat' dir='ltr'><strong>ma</strong></span> <span class='ocrx_word' id='word_1_421' title='bbox 1425 2920 1484 2947; x_wconf 82' lang='lat' dir='ltr'><strong>sugli</strong></span> <span class='ocrx_word' id='word_1_422' title='bbox 1505 2921 1639 2942; x_wconf 84' lang='lat' dir='ltr'><strong>Eremitani.</strong></span> <span class='ocrx_word' id='word_1_423' title='bbox 1655 2921 1674 2943; x_wconf 84' lang='grc' dir='ltr'>Ε</span> <span class='ocrx_word' id='word_1_424' title='bbox 1687 2921 1724 2943; x_wconf 76' lang='lat' dir='ltr'><strong>clo</strong></span> <span class='ocrx_word' id='word_1_425' title='bbox 1738 2926 1768 2943; x_wconf 75' lang='lat' dir='ltr'><strong>va</strong></span> <span class='ocrx_word' id='word_1_426' title='bbox 1781 2922 1865 2943; x_wconf 76' lang='lat' dir='ltr'><strong>notato</strong></span> <span class='ocrx_word' id='word_1_427' title='bbox 1879 2921 1902 2943; x_wconf 86' lang='lat' dir='ltr'><strong>in</strong></span> <span class='ocrx_word' id='word_1_428' title='bbox 1917 2921 1988 2943; x_wconf 83' lang='lat' dir='ltr'><strong>modo</strong></span> <span class='ocrx_word' id='word_1_429' title='bbox 2007 2921 2147 2948; x_wconf 76' lang='lat' dir='ltr'><strong>particolnre</strong></span> <span class='ocrx_word' id='word_1_430' title='bbox 2161 2927 2204 2949; x_wconf 79' lang='lat' dir='ltr'><strong>per</strong></span> <span class='ocrx_word' id='word_1_431' title='bbox 2217 2922 2233 2944; x_wconf 87' lang='grc'><strong>11</strong></span> <span class='ocrx_word' id='word_1_432' title='bbox 2247 2915 2330 2950; x_wconf 63' lang='lat' dir='ltr'><strong>Pan·</strong></span> 
     </span>
     <span class='ocr_line' id='line_1_53' title="bbox 486 2957 2360 3000; baseline 0.004 -19"><span class='ocrx_word' id='word_1_433' title='bbox 486 2960 563 2985; x_wconf 79' lang='lat' dir='ltr'><strong>questi</strong></span> <span class='ocrx_word' id='word_1_434' title='bbox 580 2961 639 2986; x_wconf 80' lang='lat' dir='ltr'><strong>patli</strong></span> <span class='ocrx_word' id='word_1_435' title='bbox 655 2966 700 2982; x_wconf 92' lang='lat' dir='ltr'><strong>non</strong></span> <span class='ocrx_word' id='word_1_436' title='bbox 715 2967 821 2983; x_wconf 80' lang='lat' dir='ltr'><strong>avevano</strong></span> <span class='ocrx_word' id='word_1_437' title='bbox 842 2962 907 2984; x_wconf 77' lang='lat' dir='ltr'><strong>forza</strong></span> <span class='ocrx_word' id='word_1_438' title='bbox 922 2962 945 2984; x_wconf 88' lang='lat' dir='ltr'><strong>di</strong></span> <span class='ocrx_word' id='word_1_439' title='bbox 960 2962 1108 2990; x_wconf 85' lang='lat' dir='ltr'><strong>distruggere</strong></span> <span class='ocrx_word' id='word_1_440' title='bbox 1118 2963 1139 2985; x_wconf 90' lang='lat' dir='ltr'><strong>le</strong></span> <span class='ocrx_word' id='word_1_441' title='bbox 1147 2963 1300 2991; x_wconf 78' lang='lat' dir='ltr'><strong>disposlzioni</strong></span> <span class='ocrx_word' id='word_1_442' title='bbox 1315 2969 1370 2991; x_wconf 75' lang='lat' dir='ltr'><strong>npo-</strong></span> <span class='ocrx_word' id='word_1_443' title='bbox 1425 2967 1513 2991; x_wconf 81' lang='grc' dir='ltr'>Νοττι,</span> <span class='ocrx_word' id='word_1_444' title='bbox 1529 2971 1565 2992; x_wconf 86' lang='grc' dir='ltr'><strong>ορ.</strong></span> <span class='ocrx_word' id='word_1_445' title='bbox 1581 2965 1622 2987; x_wconf 76' lang='lat' dir='ltr'><strong>cit.</strong></span> <span class='ocrx_word' id='word_1_446' title='bbox 1637 2965 1688 2988; x_wconf 86' lang='lat' dir='ltr'><strong>libr.</strong></span> <span class='ocrx_word' id='word_1_447' title='bbox 1705 2965 1722 2992; x_wconf 87' lang='grc'><strong>1,</strong></span> <span class='ocrx_word' id='word_1_448' title='bbox 1736 2970 1788 2992; x_wconf 70' lang='lat' dir='ltr'><strong>cap.</strong></span> <span class='ocrx_word' id='word_1_449' title='bbox 1803 2965 1838 2992; x_wconf 75' lang='lat'><strong>6⁴,</strong></span> <span class='ocrx_word' id='word_1_450' title='bbox 1852 2971 1875 2987; x_wconf 87' lang='grc' dir='ltr'><strong>ιι.</strong></span> <span class='ocrx_word' id='word_1_451' title='bbox 1885 2965 1934 2992; x_wconf 87' lang='lat' dir='ltr'><strong>xu,</strong></span> <span class='ocrx_word' id='word_1_452' title='bbox 1942 2965 1958 2987; x_wconf 85' lang='grc'><strong>11</strong></span> <span class='ocrx_word' id='word_1_453' title='bbox 1965 2965 2035 2992; x_wconf 80' lang='lat' dir='ltr'><strong>quale</strong></span> <span class='ocrx_word' id='word_1_454' title='bbox 2045 2965 2158 2988; x_wconf 76' lang='lat' dir='ltr'><strong>dimostn</strong></span> <span class='ocrx_word' id='word_1_455' title='bbox 2169 2972 2215 2988; x_wconf 80' lang='lat' dir='ltr'><strong>una</strong></span> <span class='ocrx_word' id='word_1_456' title='bbox 2223 2957 2360 3000; x_wconf 39' lang='lat' dir='ltr'><strong>ine-abs</strong></span> 
     </span>
     <span class='ocr_line' id='line_1_54' title="bbox 486 3003 2336 3037; baseline 0.004 -12"><span class='ocrx_word' id='word_1_457' title='bbox 486 3003 585 3025; x_wconf 83' lang='lat' dir='ltr'><strong>stoliche</strong></span> <span class='ocrx_word' id='word_1_458' title='bbox 600 3004 622 3025; x_wconf 90' lang='lat' dir='ltr'><strong>di</strong></span> <span class='ocrx_word' id='word_1_459' title='bbox 638 3005 751 3027; x_wconf 88' lang='lat' dir='ltr'><strong>Giovanni</strong></span> <span class='ocrx_word' id='word_1_460' title='bbox 768 3006 835 3033; x_wconf 83' lang='lat' dir='ltr'><strong>xxii,</strong></span> <span class='ocrx_word' id='word_1_461' title='bbox 851 3006 865 3028; x_wconf 89' lang='lat' dir='ltr'><strong>il</strong></span> <span class='ocrx_word' id='word_1_462' title='bbox 881 3007 923 3028; x_wconf 83' lang='lat' dir='ltr'><strong>che</strong></span> <span class='ocrx_word' id='word_1_463' title='bbox 937 3007 1037 3029; x_wconf 80' lang='lat' dir='ltr'><strong>sarebbe</strong></span> <span class='ocrx_word' id='word_1_464' title='bbox 1051 3009 1170 3030; x_wconf 85' lang='lat' dir='ltr'><strong>avvenuto</strong></span> <span class='ocrx_word' id='word_1_465' title='bbox 1185 3008 1280 3035; x_wconf 80' lang='lat' dir='ltr'><strong>quando</strong></span> <span class='ocrx_word' id='word_1_466' title='bbox 1295 3013 1338 3030; x_wconf 88' lang='lat' dir='ltr'><strong>con</strong></span> <span class='ocrx_word' id='word_1_467' title='bbox 1349 3009 1370 3031; x_wconf 85' lang='lat' dir='ltr'><strong>la</strong></span> <span class='ocrx_word' id='word_1_468' title='bbox 1425 3010 1493 3031; x_wconf 83' lang='lat' dir='ltr'><strong>tezza</strong></span> <span class='ocrx_word' id='word_1_469' title='bbox 1501 3011 1636 3031; x_wconf 79' lang='lat' dir='ltr'><strong>veramente</strong></span> <span class='ocrx_word' id='word_1_470' title='bbox 1644 3009 1770 3037; x_wconf 72' lang='lat' dir='ltr'><strong>singulare,</strong></span> <span class='ocrx_word' id='word_1_471' title='bbox 1779 3009 1953 3032; x_wconf 67' lang='lat' dir='ltr'><strong>mmeslvedra</strong></span> <span class='ocrx_word' id='word_1_472' title='bbox 1960 3010 2020 3032; x_wconf 83' lang='lat' dir='ltr'><strong>nelle</strong></span> <span class='ocrx_word' id='word_1_473' title='bbox 2027 3011 2083 3032; x_wconf 85' lang='lat' dir='ltr'><strong>note</strong></span> <span class='ocrx_word' id='word_1_474' title='bbox 2090 3010 2172 3033; x_wconf 74' lang='lat' dir='ltr'><strong>aldoc.</strong></span> <span class='ocrx_word' id='word_1_475' title='bbox 2181 3017 2203 3033; x_wconf 78' lang='lat' dir='ltr'><strong>n.</strong></span> <span class='ocrx_word' id='word_1_476' title='bbox 2212 3010 2280 3034; x_wconf 84' lang='lat' dir='ltr'><strong>CXV.</strong></span> <span class='ocrx_word' id='word_1_477' title='bbox 2326 3006 2336 3015; x_wconf 52' lang='lat'>²</span> 
     </span>
     <span class='ocr_line' id='line_1_55' title="bbox 488 3047 2355 3079; baseline 0.005 -10"><span class='ocrx_word' id='word_1_478' title='bbox 488 3048 590 3074; x_wconf 84' lang='lat' dir='ltr'><strong>imposta</strong></span> <span class='ocrx_word' id='word_1_479' title='bbox 607 3049 759 3071; x_wconf 84' lang='lat' dir='ltr'><strong>restituzione</strong></span> <span class='ocrx_word' id='word_1_480' title='bbox 774 3051 793 3071; x_wconf 80' lang='lat' dir='ltr'><strong>si</strong></span> <span class='ocrx_word' id='word_1_481' title='bbox 809 3050 901 3073; x_wconf 77' lang='lat' dir='ltr'><strong>iussero</strong></span> <span class='ocrx_word' id='word_1_482' title='bbox 922 3051 1006 3074; x_wconf 79' lang='lat' dir='ltr'><strong>torzati</strong></span> <span class='ocrx_word' id='word_1_483' title='bbox 1021 3052 1051 3079; x_wconf 82' lang='lat' dir='ltr'><strong>gli</strong></span> <span class='ocrx_word' id='word_1_484' title='bbox 1067 3052 1212 3079; x_wconf 80' lang='lat' dir='ltr'><strong>Agostiniani</strong></span> <span class='ocrx_word' id='word_1_485' title='bbox 1227 3053 1257 3074; x_wconf 87' lang='lat' dir='ltr'><strong>ad</strong></span> <span class='ocrx_word' id='word_1_486' title='bbox 1272 3053 1372 3075; x_wconf 75' lang='lat' dir='ltr'><strong>esulare.</strong></span> <span class='ocrx_word' id='word_1_487' title='bbox 1481 3053 1512 3079; x_wconf 89' lang='lat' dir='ltr'><strong>(l)</strong></span> <span class='ocrx_word' id='word_1_488' title='bbox 1526 3054 1583 3076; x_wconf 88' lang='lat' dir='ltr'><strong>Vedl</strong></span> <span class='ocrx_word' id='word_1_489' title='bbox 1598 3047 1617 3075; x_wconf 80' lang='lat' dir='ltr'><strong>ll</strong></span> <span class='ocrx_word' id='word_1_490' title='bbox 1628 3054 1680 3076; x_wconf 86' lang='lat' dir='ltr'><strong>doc.</strong></span> <span class='ocrx_word' id='word_1_491' title='bbox 1696 3059 1718 3075; x_wconf 92' lang='lat' dir='ltr'><strong>n.</strong></span> <span class='ocrx_word' id='word_1_492' title='bbox 1734 3053 1781 3077; x_wconf 89' lang='lat' dir='ltr'><strong>CV.</strong></span> <span class='ocrx_word' id='word_1_493' title='bbox 2347 3047 2355 3056; x_wconf 27' lang='grc' dir='ltr'><strong>ζ</strong></span> 
     </span>
     <span class='ocr_line' id='line_1_56' title="bbox 488 3092 1780 3124; baseline 0.005 -11"><span class='ocrx_word' id='word_1_494' title='bbox 488 3092 516 3114; x_wconf 91' lang='lat' dir='ltr'><strong>Di</strong></span> <span class='ocrx_word' id='word_1_495' title='bbox 532 3093 571 3119; x_wconf 84' lang='lat' dir='ltr'><strong>qui</strong></span> <span class='ocrx_word' id='word_1_496' title='bbox 587 3093 606 3114; x_wconf 83' lang='lat' dir='ltr'><strong>si</strong></span> <span class='ocrx_word' id='word_1_497' title='bbox 622 3093 680 3114; x_wconf 86' lang='lat' dir='ltr'><strong>vede</strong></span> <span class='ocrx_word' id='word_1_498' title='bbox 695 3099 738 3115; x_wconf 85' lang='lat' dir='ltr'><strong>con</strong></span> <span class='ocrx_word' id='word_1_499' title='bbox 754 3096 842 3120; x_wconf 81' lang='lat' dir='ltr'><strong>quanta</strong></span> <span class='ocrx_word' id='word_1_500' title='bbox 866 3096 958 3117; x_wconf 81' lang='lat' dir='ltr'><strong>cautela</strong></span> <span class='ocrx_word' id='word_1_501' title='bbox 973 3096 992 3117; x_wconf 89' lang='lat' dir='ltr'><strong>si</strong></span> <span class='ocrx_word' id='word_1_502' title='bbox 1008 3096 1084 3118; x_wconf 85' lang='lat' dir='ltr'><strong>debba</strong></span> <span class='ocrx_word' id='word_1_503' title='bbox 1107 3097 1233 3123; x_wconf 82' lang='lat' dir='ltr'><strong>procedere</strong></span> <span class='ocrx_word' id='word_1_504' title='bbox 1248 3097 1284 3119; x_wconf 85' lang='lat' dir='ltr'><strong>nel</strong></span> <span class='ocrx_word' id='word_1_505' title='bbox 1299 3097 1373 3124; x_wconf 81' lang='lat' dir='ltr'><strong>giudi·</strong></span> <span class='ocrx_word' id='word_1_506' title='bbox 1480 3098 1511 3124; x_wconf 84' lang='grc'><strong>(2)</strong></span> <span class='ocrx_word' id='word_1_507' title='bbox 1525 3098 1583 3120; x_wconf 83' lang='lat' dir='ltr'><strong>Vedi</strong></span> <span class='ocrx_word' id='word_1_508' title='bbox 1597 3098 1613 3120; x_wconf 85' lang='lat' dir='ltr'><strong>il</strong></span> <span class='ocrx_word' id='word_1_509' title='bbox 1628 3098 1680 3121; x_wconf 86' lang='lat' dir='ltr'><strong>doc.</strong></span> <span class='ocrx_word' id='word_1_510' title='bbox 1695 3104 1718 3120; x_wconf 90' lang='lat' dir='ltr'><strong>n.</strong></span> <span class='ocrx_word' id='word_1_511' title='bbox 1733 3098 1780 3121; x_wconf 87' lang='lat' dir='ltr'><strong>cn.</strong></span> 
     </span>
    </p>

    <p class='ocr_par' dir='ltr' id='par_1_17' title="bbox 486 3136 2244 3170">
     <span class='ocr_line' id='line_1_57' title="bbox 486 3136 2244 3170; baseline 0.005 -12"><span class='ocrx_word' id='word_1_512' title='bbox 486 3142 540 3159; x_wconf 82' lang='lat' dir='ltr'><strong>care</strong></span> <span class='ocrx_word' id='word_1_513' title='bbox 555 3137 578 3158; x_wconf 90' lang='lat' dir='ltr'><strong>di</strong></span> <span class='ocrx_word' id='word_1_514' title='bbox 593 3139 679 3164; x_wconf 80' lang='lat' dir='ltr'><strong>questa</strong></span> <span class='ocrx_word' id='word_1_515' title='bbox 693 3139 867 3160; x_wconf 87' lang='lat' dir='ltr'><strong>controversia:</strong></span> <span class='ocrx_word' id='word_1_516' title='bbox 882 3140 982 3167; x_wconf 84' lang='lat' dir='ltr'><strong>cautela,</strong></span> <span class='ocrx_word' id='word_1_517' title='bbox 997 3140 1040 3162; x_wconf 86' lang='lat' dir='ltr'><strong>che</strong></span> <span class='ocrx_word' id='word_1_518' title='bbox 1048 3140 1269 3167; x_wconf 78' lang='lat' dir='ltr'><strong>disgraziatamente</strong></span> <span class='ocrx_word' id='word_1_519' title='bbox 1283 3142 1296 3163; x_wconf 73' lang='lat' dir='ltr'><strong>e</strong></span> <span class='ocrx_word' id='word_1_520' title='bbox 1311 3147 1374 3164; x_wconf 83' lang='lat' dir='ltr'><strong>man·</strong></span> <span class='ocrx_word' id='word_1_521' title='bbox 1481 3143 1512 3168; x_wconf 78' lang='lat'><strong>(3)</strong></span> <span class='ocrx_word' id='word_1_522' title='bbox 1526 3136 1545 3165; x_wconf 74' lang='grc' dir='ltr'>ὲ</span> <span class='ocrx_word' id='word_1_523' title='bbox 1558 3142 1618 3164; x_wconf 77' lang='lat' dir='ltr'><strong>frate</strong></span> <span class='ocrx_word' id='word_1_524' title='bbox 1633 3142 1747 3165; x_wconf 79' lang='lat' dir='ltr'><strong>oiovanni</strong></span> <span class='ocrx_word' id='word_1_525' title='bbox 1761 3143 1791 3165; x_wconf 71' lang='lat' dir='ltr'><strong>da</strong></span> <span class='ocrx_word' id='word_1_526' title='bbox 1806 3142 1875 3170; x_wconf 80' lang='lat' dir='ltr'><strong>Recz,</strong></span> <span class='ocrx_word' id='word_1_527' title='bbox 1889 3143 1912 3165; x_wconf 80' lang='lat' dir='ltr'><strong>dl</strong></span> <span class='ocrx_word' id='word_1_528' title='bbox 1927 3144 1964 3166; x_wconf 82' lang='lat' dir='ltr'><strong>cul</strong></span> <span class='ocrx_word' id='word_1_529' title='bbox 1979 3143 2032 3166; x_wconf 77' lang='lat' dir='ltr'><strong>vedl</strong></span> <span class='ocrx_word' id='word_1_530' title='bbox 2045 3144 2068 3166; x_wconf 75' lang='lat' dir='ltr'><strong>al</strong></span> <span class='ocrx_word' id='word_1_531' title='bbox 2082 3144 2135 3167; x_wconf 81' lang='lat' dir='ltr'><strong>doc.</strong></span> <span class='ocrx_word' id='word_1_532' title='bbox 2149 3150 2172 3166; x_wconf 86' lang='lat' dir='ltr'><strong>n.</strong></span> <span class='ocrx_word' id='word_1_533' title='bbox 2187 3144 2244 3167; x_wconf 81' lang='lat' dir='ltr'><strong>elx.</strong></span> 
     </span>
    </p>
   </div>
  </div>
 </body>
</html>
