2496 3600
1966 244 2032 275 225

214 374 394 414 dubitatio,
419 374 511 415 quod
537 374 792 415 circumscripta
817 374 907 407 dicta
933 374 1008 406 licte
1032 376 1064 406 et
1088 374 1266 413 sententia,
1292 374 1378 415 ipsis
1402 374 1487 405 atrio
1512 374 1544 405 et
1568 381 1632 405 usu
1658 373 1803 405 clavium
1830 375 1875 405 uti
1894 376 1925 406 et
1951 384 2033 416 gau-

215 437 296 471 dere
310 437 445 479 possint
457 437 490 469 et
500 435 635 469 valeant
649 437 681 468 in
695 438 896 477 perpetuum
911 438 1082 477 tamquam
1097 436 1344 475 communibus,
1355 435 1641 477 quemadmodum
1656 438 1732 467 ante
1742 436 1864 467 dictam
1880 436 1968 468 litem
1984 437 2029 468 uti

213 499 465 533 consueverant
481 499 513 530 et
537 498 570 530 in
596 507 711 530 eorum
738 507 813 537 usu,
831 499 1065 539 possessione,
1083 507 1142 531 seu
1168 498 1278 539 quasi,
1296 499 1390 530 erant
1414 498 1527 538 quoad
1553 498 1720 538 predicta;
1746 498 1869 529 dictam
1896 500 2031 530 senten-

214 562 306 602 tiam,
323 562 492 603 quatenus
509 560 672 602 predictis
690 561 920 599 contrarietur,
939 563 1139 593 revocantes
1156 562 1188 593 et
1205 561 1440 592 comunionem
1457 560 1623 592 dictorum
1641 560 1715 591 atrii
1730 561 1762 591 et
1776 568 1873 591 usum
1888 560 2032 591 clavium

213 625 314 657 dictis
331 622 438 656 Priori
456 624 488 655 et
505 622 679 654 Fratribus
696 631 739 655 ex
758 624 848 655 certa
866 623 1007 655 scientia
1024 622 1269 655 adiudicantes.
1288 622 1494 654 Mandantes
1519 621 1758 654 nichilominus
1772 621 1863 662 quod
1879 630 2030 653 commu-

217 686 320 719 nibus
333 685 498 727 expensis
511 685 663 726 parcium
677 685 915 725 predictarum,
930 693 1044 716 murus
1059 694 1146 716 nunc
1161 685 1328 726 diruptus,
1342 685 1400 726 qui
1414 684 1534 716 atrium
1548 693 1566 716 a
1581 684 1743 716 cimiterio
1753 683 1938 722 dividebat,
1951 684 2035 716 infra

218 750 288 782 tres
312 755 447 780 menses
471 756 491 780 a
515 747 595 779 data
620 747 829 788 presentium
856 747 1048 785 refficiatur,
1074 755 1134 788 per
1158 747 1222 779 hoc
1247 747 1346 779 etiam
1383 755 1502 779 omnes
1527 748 1559 778 et
1584 746 1737 787 singulas
1774 746 2037 784 controversias,

218 810 466 849 dissensiones,
491 809 579 848 lites,
604 809 804 850 questiones
829 810 860 840 et
884 817 1019 847 causas,
1044 818 1260 850 quacumque
1285 809 1472 841 occaxione
1502 809 1587 841 inter
1622 810 1736 849 partes
1773 808 1943 849 predictas
1980 816 2035 839 co-

218 873 381 906 niunctim
405 871 460 904 vel
485 871 623 904 divisim
649 871 680 903 in
715 870 866 904 Romana
891 869 994 903 Curia
1020 871 1071 903 vel
1097 870 1188 910 alibi,
1214 871 1458 911 quoquomodo
1494 870 1609 903 forsan
1649 871 1749 902 etiam
1786 879 1846 911 per
1881 878 2038 910 compro-

219 935 362 968 missum
402 935 573 967 vertentes
612 942 673 966 seu
714 934 834 972 motas,
874 942 1016 974 quarum
1057 934 1181 965 statum
1222 933 1438 973 presentibus
1478 933 1577 965 etiam
1618 932 1732 965 haberi
1774 932 1932 964 volumus
1973 941 2033 973 pro

218 1006 396 1039 expresso,
432 997 533 1030 etiam
574 996 602 1029 si
642 1004 757 1028 earum
797 996 978 1027 occasione
1017 995 1102 1027 alias
1138 1004 1239 1036 quam
1277 997 1312 1027 ut
1348 996 1550 1036 premittitur
1587 995 1630 1027 ad
1671 995 1805 1036 aliquos
1845 996 1941 1027 actus
1980 996 2038 1026 aut

221 1059 436 1093 diffinitivam
471 1059 679 1091 sentenciam
715 1066 775 1090 seu
813 1057 950 1089 laudum
976 1057 1028 1089 vel
1061 1057 1233 1089 arbitrium
1267 1059 1324 1089 aut
1348 1057 1432 1089 alias
1468 1057 1724 1098 quomodolibet
1760 1057 1803 1089 sit
1828 1065 2038 1097 processum,

220 1123 357 1165 penitus
382 1122 543 1160 volumus,
565 1129 643 1153 esse
668 1121 799 1162 sopitas
817 1122 848 1152 et
869 1120 1063 1152 terminatas
1088 1121 1119 1151 et
1143 1119 1256 1160 quoad
1283 1119 1433 1160 predicta
1459 1120 1490 1151 in
1516 1120 1674 1151 omnibus
1700 1121 1731 1152 et
1757 1128 1816 1160 per
1840 1119 1952 1151 omnia
1977 1128 2036 1160 pe—

221 1185 316 1217 rinde
341 1183 457 1217 haberi
474 1192 514 1216 ac
532 1184 560 1216 si
586 1192 759 1224 nunquam
785 1184 873 1214 mote
899 1182 1101 1214 extitissent.
1128 1181 1332 1214 Mandantes
1358 1190 1522 1222 expresse
1548 1182 1648 1214 dictis
1674 1181 1779 1213 Priori
1805 1183 1837 1213 et
1863 1181 2036 1213 Fratribus

219 1249 253 1280 et
269 1245 460 1280 Conventui
478 1246 570 1287 quod
596 1245 758 1287 predictis
783 1245 908 1277 nostris
933 1245 1058 1286 graciis
1091 1246 1225 1276 utantur
1249 1246 1280 1276 et
1298 1244 1347 1276 eis
1366 1244 1468 1276 libere
1486 1244 1666 1286 gaudeant,
1684 1244 1782 1276 etiam
1802 1244 1829 1276 si
1849 1253 1907 1284 per
1925 1244 2036 1276 dictos

220 1309 400 1348 Abbatem,
424 1306 620 1341 Canonicos
643 1309 676 1340 et
701 1305 927 1346 Conventum‚
953 1315 1013 1339 seu
1049 1307 1146 1345 alios,
1173 1306 1426 1347 pretenderetur
1461 1306 1611 1347 predicta
1648 1315 1708 1338 seu
1745 1306 1883 1347 aliquod
1921 1315 2035 1338 eorum

219 1372 290 1405 fore
314 1372 394 1404 talia
421 1380 483 1413 per
517 1380 583 1412 que
619 1370 855 1412 derrogaretur
889 1378 950 1402 seu
983 1369 1154 1411 derrogari
1193 1370 1310 1410 posset
1335 1369 1558 1408 libertatibus,
1584 1369 1781 1410 privilegiis,
1806 1369 2041 1410 dignitatibus,

221 1435 335 1473 statui,
359 1433 546 1466 honoribus
582 1441 643 1465 seu
681 1432 811 1464 iuribus
847 1432 1021 1473 aliquibus
1056 1431 1135 1463 dicti
1161 1430 1316 1469 Abbatis,
1342 1429 1660 1471 Canonicorumque
1697 1439 1846 1469 suorum,
1871 1431 1928 1471 qui
1958 1430 2037 1462 olim

221 1497 366 1536 fuerunt,
391 1505 480 1528 nunc
505 1497 594 1535 sunt,
620 1495 673 1527 vel
699 1504 760 1536 pro
785 1496 935 1536 tempore
961 1496 1066 1533 erunt,
1085 1503 1151 1526 non
1177 1493 1394 1526 obstantibus
1419 1493 1691 1534 quibuscumque
1721 1493 1861 1532 iuribus,
1879 1493 2043 1524 constitu-

219 1559 382 1598 tionibus,
406 1558 648 1597 contractibus,
685 1557 964 1599 obligationibus,
988 1557 1108 1598 pactis,
1134 1555 1430 1595 conventionibus,
1467 1556 1777 1594 summissionibus,
1798 1539 2041 1587 'concessioni-

222 1622 298 1661 bus,
323 1621 506 1654 sentenciis
541 1629 580 1653 ac
605 1629 768 1662 penarum
804 1619 1066 1658 adiectionibus,
1092 1628 1153 1651 nec
1186 1627 1252 1651 non
1289 1618 1575 1659 exemptionibus,
1601 1618 1799 1659 privilegiis,
1825 1617 2043 1659 indulgentiis

221 1686 255 1718 et
278 1684 397 1717 litteris
420 1683 622 1725 apostolicis
646 1682 863 1725 generalibus
888 1682 941 1714 vel
967 1681 1178 1723 specialibus
1214 1689 1494 1722 quorumcunque
1530 1682 1682 1713 tenorum
1708 1680 1867 1718 existant,
1893 1688 1951 1720 per
1976 1688 2042 1720 que

224 1746 442 1788 presentibus
466 1754 534 1778 non
559 1753 726 1786 expressa
750 1744 803 1777 vel
827 1744 973 1776 totaliter
991 1753 1057 1776 non
1076 1743 1201 1776 inserta
1227 1743 1368 1775 effectus
1393 1751 1508 1775 eorum
1535 1742 1689 1783 impediri
1716 1742 1826 1774 valeat
1852 1742 2041 1782 quomodo-

221 1809 303 1842 libet
328 1807 381 1841 vel
405 1807 530 1840 differri
555 1809 588 1840 et
611 1807 654 1839 de
679 1807 805 1848 quibus
837 1814 1120 1848 quorumcunque
1145 1805 1225 1838 totis
1250 1805 1425 1837 tenoribus
1450 1805 1492 1837 de
1518 1804 1623 1837 verbo
1648 1805 1690 1836 ad
1718 1804 1857 1836 verbum
1884 1803 2040 1835 habenda

221 1871 266 1904 sit
282 1871 316 1903 in
333 1870 459 1903 nostris
484 1870 602 1902 litteris
627 1870 759 1902 mencio
783 1868 954 1910 specialis,
972 1877 1038 1910 que
1063 1868 1176 1900 omnia
1194 1869 1226 1900 et
1243 1867 1378 1909 singula
1403 1867 1519 1899 haberi
1545 1866 1703 1899 volumus
1721 1876 1764 1898 ex
1782 1868 1872 1898 certa
1901 1865 2042 1898 scientia

222 1943 285 1976 pro
309 1933 518 1966 sufficienter
551 1932 740 1974 expressis,
759 1919 822 1964 ‘aut
847 1932 875 1964 si
901 1931 1073 1972 aliquibus
1110 1931 1333 1963 communiter
1357 1929 1410 1962 vel
1447 1929 1585 1961 divisim
1611 1938 1630 1961 a
1655 1927 1743 1961 Sede
1769 1927 1967 1969 Apostolica
1992 1927 2041 1959 in—

223 1995 354 2029 dultum
379 1995 505 2028 existat
528 1994 620 2036 quod
653 1994 819 2034 interdici,
837 1994 1003 2035 supsendi
1029 1993 1081 2026 vel
1107 1993 1359 2025 excomunicari
1385 2001 1452 2024 non
1477 1992 1612 2033 possint
1637 2001 1696 2033 per
1722 1991 1849 2023 litteras
1878 1990 2042 2031 apostoli-

225 2067 285 2092 cas
309 2067 376 2091 non
400 2057 566 2090 facientes
590 2057 725 2098 plenam
751 2058 783 2089 et
807 2065 1007 2098 expressam
1033 2065 1072 2088 ac
1090 2055 1132 2088 de
1150 2055 1256 2087 verbo
1273 2054 1315 2087 ad
1341 2045 1483 2086 verbum
1509 2054 1551 2086 de
1577 2054 1707 2086 indulto
1733 2053 1927 2086 huiusmodi
1954 2062 2047 2085 men-

225 2121 367 2154 cionem.
392 2120 465 2153 Nos
489 2120 579 2152 enim
596 2129 639 2152 ex
658 2129 747 2152 nunc
772 2119 899 2151 irritum
924 2119 1139 2151 decernimus
1156 2119 1189 2150 et
1206 2118 1305 2150 inane
1330 2117 1359 2149 si
1377 2125 1479 2149 secus
1504 2125 1606 2158 super
1625 2117 1677 2149 his
1694 2125 1713 2149 a
1732 2125 1904 2157 quoquam
1922 2117 2045 2157 quavis

224 2183 424 2217 auctoritate
449 2182 595 2215 scienter
619 2182 672 2214 vel
698 2182 891 2224 ignoranter
914 2181 1093 2223 contigerit
1117 2180 1318 2221 attemptari.
1343 2178 1420 2211 Dat.
1445 2178 1561 2219 Rome,
1587 2179 1678 2220 apud
1704 2180 1859 2211 sanctum
1897 2177 2043 2216 Petrum,

226 2245 270 2278 xl
296 2245 516 2278 kalendarum
542 2245 636 2284 Maii,
660 2243 883 2277 Pontificatus
908 2244 1012 2276 nostri
1038 2252 1127 2276 anno
1152 2243 1342 2275 undecimo.

1018 2443 1244 2486 CXXXI
1248 2475 1257 2485 .

321 2557 428 2586 Frate
445 2555 633 2593 Agostino,
652 2563 810 2585 vescovo
827 2554 861 2584 d'
877 2554 990 2594 lvrea‚
1007 2554 1101 2584 tiene
1118 2554 1151 2583 le
1169 2562 1271 2583 sacre
1296 2552 1527 2583 Ordinazioni
1551 2551 1587 2581 in
1611 2551 1724 2581 Pavia
1749 2549 1810 2592 (1)

827 2660 984 2693 1400,
1003 2660 1347 2690 novembre,
1374 2659 1450 2684 16.

823 2748 901 2774 (Arch.
913 2748 982 2771 Curia
993 2748 1060 2770 Vesc.
1076 2747 1098 2769 di
1114 2747 1185 2769 pavia
1201 2758 1226 2762 —
1240 2746 1359 2768 Minutarii
1375 2745 1458 2772 Grifti).

504 2904 567 2938 Dei
604 2906 636 2937 et
672 2903 859 2946 apostolice
895 2901 996 2936 Sedis
1032 2902 1138 2944 gratia
1174 2901 1361 2943 episcopus
1397 2900 1578 2942 iporiensis
1615 2908 1658 2932 ex
1685 2899 1818 2932 licentia
1849 2898 1914 2931 sibi
1946 2906 2050 2939 super

0 2867 1 2894 }
47 2837 49 2844 ’
250 2786 256 3009 ἱ
311 2829 419 2947 D
473 2780 515 2882 ῘΙΕ
538 2842 612 2876 XVI
638 2841 844 2874 novembris.
870 2839 1090 2874 Reverendus
1115 2840 1148 2871 in
1173 2837 1310 2872 Christo
1346 2840 1441 2880 pater
1465 2840 1497 2871 et
1521 2838 1679 2870 dominus
1714 2837 1814 2869 frater
1839 2835 2052 2878 Augustinus

505 2969 569 3001 hoc
593 2967 739 3001 atributa
763 2975 823 3008 per
847 2965 1067 2999 reverendum
1094 2965 1125 2996 in
1151 2961 1288 2997 Christo
1313 2964 1439 3005 patrem
1465 2964 1496 2995 et
1520 2962 1694 2995 dominum
1719 2961 1893 2994 dominum
1918 2960 2051 2993 fratrem

295 3127 326 3154 (1)
341 3126 431 3153 Questo
445 3132 548 3149 vescovo
561 3126 718 3154 agostlniano‚
741 3125 803 3147 tiene
818 3125 840 3146 in
855 3124 926 3147 pavia
941 3124 961 3145 le
976 3129 1042 3146 sacre
1056 3122 1120 3145 ordl—
1173 3122 1264 3144 nazloni
1280 3121 1364 3149 perche
1378 3121 1393 3143 il
1407 3125 1510 3143 vescovo
1524 3120 1606 3147 locale,
1621 3119 1751 3147 Gugllelmo
1768 3118 1902 3145 Centuario,
1917 3118 1951 3139 sin
1967 3117 2003 3138 dal
2028 3117 2052 3138 18

2020 3170 2047 3191 29
