2496 3600
474 234 537 268 184

467 620 626 662 apposui,
652 621 791 662 rogatus
815 621 847 652 et
873 619 1069 661 requisitus,
1095 619 1127 651 in
1154 618 1255 651 tidem
1281 620 1313 652 et
1337 618 1568 652 testimonium
1593 618 1744 652 omnium
1757 620 1790 652 et
1803 618 2014 662 singulorum
2039 620 2294 662 premissorum.

2328 858 2345 879 x.

1343 873 1420 916 cI.

559 984 664 1013 Frate
691 983 868 1013 Giovanni
894 983 1090 1013 Salimbeni
1114 987 1282 1021 presenta
1306 983 1431 1013 lettere
1456 983 1513 1013 del
1537 983 1678 1022 giudice
1702 984 1739 1014 di
1764 984 1904 1023 appello
1929 993 1950 1015 a
1974 985 2066 1015 frate
2097 985 2219 1016 Pietro
2250 982 2326 1017 ἀι

470 1037 617 1072 Candia,
645 1037 813 1066 Veseovo
838 1037 874 1066 di
899 1037 1057 1073 Novata,
1085 1037 1110 1066 il
1136 1037 1239 1075 quale
1264 1037 1390 1067 ordina
1416 1037 1447 1066 si
1473 1037 1653 1075 sospenda
1677 1037 1917 1069 l'eseeuzione
1946 1038 2043 1068 della
2070 1039 2186 1077 prtum
2214 1046 2296 1070 ιω·-

470 1095 587 1120 tenza.
2334 1096 2336 1098 ,

1110 1196 1267 1229 1393,
1286 1197 1563 1230 gennaio,
1582 1197 1662 1224 16.

935 1284 1040 1310 (Bibliot.
1057 1285 1124 1308 Univ.
1141 1285 1163 1307 di
1179 1285 1260 1312 Pavia,
1275 1285 1335 1308 Cod.
1351 1291 1373 1308 n.
1388 1286 1430 1308 428
1443 1297 1469 1301 —
1484 1285 1592 1314 Pergam.
1607 1286 1631 1309 dl
1646 1285 1670 1309 S.
1686 1286 1819 1314 Agostino)

485 1419 487 1464 Ι
707 1424 710 1441 ¹
2318 1467 2319 1470 ,
2340 1459 2346 1465 ,

485 1465 488 1546 l
575 1470 623 1587 I
707 1449 747 1513 'N
773 1485 908 1517 nomine
933 1484 1071 1517 domini.
1098 1483 1198 1517 Anno
1222 1484 1409 1517 nativitatis
1433 1485 1586 1518 eiusdem
1613 1485 1794 1519 millesimo
1818 1486 2058 1520 trecentesimo
2075 1488 2300 1531 nonagesimo

486 1547 488 1571 ἓ
708 1509 710 1567 Α
738 1548 847 1587 tertio,
886 1547 1069 1580 indictione
1106 1548 1224 1589 prima,
1261 1547 1316 1580 die
1352 1546 1426 1580 XVI
1464 1546 1618 1581 Ianuarii.
1645 1548 1679 1581 ln
1705 1550 1875 1582 conventu
1899 1549 2038 1582 fratrum
2062 1550 2230 1585 minorum
2244 1547 2299 1594 (1)

486 1573 489 1643 ⁴
709 1570 711 1640 ἡ
739 1610 856 1652 Papie,
883 1611 915 1643 in
941 1611 1112 1652 presentia
1137 1611 1201 1643 mei
1238 1610 1358 1643 notarii
1384 1612 1416 1643 et
1440 1611 1576 1644 testium
1613 1610 1902 1653 infrascriptorum
1939 1613 2144 1646 venerabilis
2167 1614 2200 1647 et
2223 1613 2301 1648 reli-
2319 1598 2362 1660 {⁴

469 1672 589 1714 giosus
615 1673 665 1705 vir
690 1673 850 1706 dominus
874 1673 975 1706 frater
1000 1672 1167 1705 lohannes
1191 1672 1234 1705 de
1259 1670 1488 1715 Saglimbenis
1525 1671 1665 1706 Ordinis
1702 1673 1946 1707 Heremitarum
1982 1675 2090 1709 sancti
2115 1674 2299 1718 Augustini

473 1735 621 1768 civitatis
647 1735 752 1777 Papie
778 1720 816 1769 ac
843 1736 1008 1778 syndicus
1026 1737 1058 1768 et
1082 1737 1281 1777 procurator
1305 1735 1518 1768 dominorum
1544 1734 1683 1776 Prioris,
1701 1735 1853 1769 Fratrum
1867 1738 1900 1770 et
1924 1734 2125 1771 Conventus
2141 1738 2222 1772 dicti
2238 1736 2304 1774 Or—

474 1798 565 1830 dinis
590 1799 697 1831 sancti
723 1798 906 1841 Augustini
932 1799 1081 1832 civitatis
1106 1797 1212 1840 Papie
1237 1798 1279 1830 ad
1306 1798 1368 1831 hec
1392 1799 1425 1831 et
1449 1798 1515 1831 alia
1551 1798 1708 1831 facienda
1745 1798 1893 1842 legitime
1928 1800 2133 1834 constitutus
2168 1809 2230 1844 per
2252 1801 2305 1835 in-

476 1862 699 1893 strumentum
725 1861 899 1903 publicum
926 1862 1037 1903 ipsius
1062 1861 1252 1894 sindicatus
1289 1860 1367 1894 inde
1403 1861 1562 1894 traditum
1598 1863 1631 1894 et
1666 1861 1737 1894 fieri
1774 1864 1928 1904 rogatum
1964 1871 2026 1905 per
2061 1862 2221 1897 iacobum
2258 1863 2307 1899 de
2336 1855 2376 1913 ’ᾖ

474 1922 628 1956 Canibus
669 1925 835 1957 notarium
876 1924 1051 1966 publicum
1088 1923 1289 1966 papiensem
1329 1932 1430 1963 anno,
1467 1923 1661 1963 indictione,
1697 1924 1752 1957 die
1788 1926 1822 1957 et
1853 1933 1970 1959 mense
1996 1925 2029 1958 in
2053 1935 2095 1959 eo
2119 1926 2300 1962 contentis.

474 1984 691 2019 Constitutus
731 1987 763 2018 in
804 1987 976 2028 presentia
1017 1985 1204 2020 Reverendi
1245 1986 1278 2018 in
1319 1983 1457 2019 Christo
1501 1986 1607 2027 patris
1651 1988 1684 2019 et
1722 1986 1851 2020 domini
1890 1987 2019 2020 domini
2062 1987 2174 2022 fratris
2213 1986 2303 2023 Petri
2335 2011 2339 2014 -

476 2047 538 2081 Dei
565 2050 596 2081 et
621 2050 808 2090 apostolice
845 2050 940 2082 sedis
979 2049 1086 2091 gratia
1126 2049 1281 2090 episcopi
1322 2049 1536 2082 novariensis
1576 2050 1609 2082 et
1647 2050 1781 2082 comitis
1821 2050 1941 2083 asserti
1982 2051 2234 2086 conservatoris
2271 2052 2307 2087 et

475 2111 622 2153 delegati
648 2112 828 2153 apostolici
855 2113 887 2144 in
914 2113 976 2145 hac
1001 2114 1095 2153 parte
1132 2111 1327 2153 specialiter
1361 2111 1512 2153 deputati
1550 2112 1735 2145 venerabili
1761 2113 1834 2145 viro
1867 2113 2005 2146 domino
2040 2105 2168 2154 abbati,
2202 2122 2307 2148 cano-
2327 2151 2329 2153 ,
2349 2097 2375 2162 ‘s

477 2174 563 2206 nicis
589 2176 621 2206 et
646 2174 796 2215 capitulo
822 2175 928 2207 sancti
955 2173 1044 2207 Petri
1071 2175 1103 2206 in
1129 2174 1203 2207 celo
1227 2183 1329 2207 aureo
1355 2173 1460 2216 Papie
1486 2174 1518 2206 in
1544 2174 1692 2216 quadam
1717 2183 1821 2208 causa
1849 2177 1882 2208 et
1910 2176 2090 2218 questione
2107 2176 2187 2210 olim
2204 2184 2306 2211 versa

478 2236 795 2278 presentialiterque
833 2239 982 2270 vertente
1009 2238 1093 2270 inter
1117 2239 1149 2270 et
1174 2246 1234 2279 per
1258 2238 1354 2279 ipsos
1391 2237 1549 2270 dominos
1585 2236 1746 2277 Priorem,
1783 2237 1916 2271 Fratres
1941 2240 1974 2272 et
1998 2236 2194 2281 Capitulum
2229 2239 2306 2273 sive

482 2308 598 2331 eorum
624 2300 794 2332 sindicum
821 2309 936 2332 eorum
962 2300 1158 2333 nominibus
1183 2309 1226 2333 ex
1253 2309 1319 2332 una
1348 2302 1454 2342 parte,
1479 2302 1511 2333 et
1536 2300 1686 2342 prefatos
1722 2301 1881 2334 dominos
1915 2301 2085 2342 abbatem,
2121 2302 2307 2343 canonicos

478 2363 511 2394 et
536 2362 732 2403 capitulum,
759 2363 832 2395 sive
857 2371 973 2395 eorum
999 2363 1168 2395 sindicum
1195 2372 1310 2395 eorum
1336 2363 1532 2396 nominibus
1557 2372 1600 2396 ex
1625 2363 1691 2396 alia
1716 2365 1749 2396 et
1773 2372 1834 2405 pro
1858 2363 1925 2397 alia
1949 2366 2054 2406 parte.
2079 2363 2129 2397 Ac
2154 2364 2307 2407 prefatus

479 2423 638 2456 dominus
664 2423 858 2466 Episcopus
884 2426 916 2457 et
940 2427 1094 2458 assertus
1120 2425 1298 2467 delegatus
1323 2425 1516 2458 antedictus
1541 2425 1583 2458 de
1608 2425 1823 2468 infrascripta
1849 2426 2066 2469 delegatione
2090 2429 2123 2460 et
2146 2426 2309 2471 commisf

481 2486 588 2525 sione,
613 2495 653 2519 ac
690 2487 790 2519 etiam
816 2487 858 2519 de
883 2487 1108 2529 infrascriptis
1149 2487 1254 2520 literis
1279 2489 1311 2520 et
1335 2488 1504 2520 contentis
1529 2488 1561 2520 in
1587 2488 1638 2520 eis
1662 2488 1886 2530 ignorantiam
1922 2488 2071 2530 aliquam
2107 2489 2308 2531 pretendere

480 2549 601 2590 possit,
627 2549 784 2581 exhibuit
808 2551 840 2582 et
866 2550 1085 2591 presentavit,
1111 2559 1150 2582 ac
1175 2550 1315 2582 exhibet
1339 2552 1372 2583 et
1396 2551 1569 2591 presentat
1593 2559 1657 2583 suo
1682 2552 1714 2583 et
1739 2551 1831 2589 dicto
1854 2551 2051 2593 syndicario
2075 2552 2210 2585 nomine
2233 2560 2311 2594 pre-
2359 2540 2366 2568 j:

481 2611 551 2643 tato
576 2611 715 2644 domino
740 2612 907 2654 episcopo
932 2614 964 2645 et
990 2612 1116 2645 ibidem
1142 2612 1318 2645 actualiter
1343 2613 1375 2644 in
1401 2613 1474 2645 eius
1500 2613 1672 2654 presentia
1696 2613 1863 2655 quasdam
1889 2615 2045 2655 patentes
2069 2614 2184 2648 literas
2220 2614 2310 2648 inhi-
2361 2626 2372 2662 ⁴„

483 2674 624 2706 bitorias
650 2675 925 2708 reverendissimi
951 2675 984 2707 in
1010 2673 1148 2708 Christo
1173 2675 1279 2717 patris
1304 2677 1336 2708 et
1360 2675 1487 2708 domini
1513 2676 1641 2708 domini
1659 2675 1855 2709 Francischi
1873 2677 2088 2710 miseratione
2104 2676 2221 2710 divina
2236 2677 2312 2720 epi·

484 2737 580 2777 scopi
607 2737 876 2778 prenestinensis
902 2735 1025 2770 Sancte
1051 2737 1202 2772 Romane
1228 2737 1381 2771 Ecclesie
1406 2736 1599 2772 Cardinalis
1624 2740 1657 2772 et
1681 2739 1960 2779 vicecanzellarii,
1989 2740 2226 2780 commissarii,
2249 2748 2312 2774 au·
2362 2727 2389 2782 ’ᾗ

483 2799 603 2831 ditoris
629 2800 662 2831 et
686 2799 831 2841 delegati
858 2800 1038 2841 apostolici
1065 2800 1150 2833 inter
1174 2801 1427 2842 suprascriptas
1453 2803 1567 2843 partes
1592 2801 1625 2834 in
1650 2801 1713 2834 hac
1738 2804 1833 2844 parte
1849 2802 2044 2844 specialiter
2059 2802 2224 2844 deputati,
2241 2811 2310 2837 non

542 2955 572 2980 (1)
588 2949 605 2976 Ε
620 2956 634 2977 il
650 2956 777 2983 grandioso
792 2957 915 2979 Convento
930 2957 952 2979 di
968 2957 991 2980 S.
1008 2958 1145 2985 Francesco,
1160 2958 1197 2980 nel
1212 2959 1281 2985 quale
1300 2964 1374 2981 aveva
1429 2958 1560 2986 Conventa,
1575 2959 1708 2986 possedeva
1730 2960 1813 2982 aleune
1827 2965 1890 2982 case.
1911 2959 2001 2986 Queste
2023 2965 2078 2983 ense
2101 2961 2146 2989 egli
2167 2960 2240 2983 inscio
2261 2960 2314 2984 alin·
2359 2951 2390 2996 ζ,

487 2999 604 3021 dimorato
620 3000 698 3022 Pietro
714 3001 743 3023 da
758 3001 855 3029 Candia,
871 3002 966 3029 quando
977 3003 999 3024 in
1010 3003 1081 3025 pavia
1092 3009 1131 3025 era
1141 3003 1253 3030 semplice
1263 3004 1372 3030 religioso
1427 3003 1499 3026 santa
1514 3003 1582 3031 Sede,
1597 3005 1640 3026 che
1653 3009 1728 3026 aveva
1742 3004 1840 3026 creduto
1854 3004 1877 3026 di
1892 3004 2085 3032 legitimamente
2098 3011 2227 3033 guvernare
2242 3006 2309 3028 sotto

488 3049 501 3065 e
517 3043 650 3070 professore
670 3045 865 3068 neu'Universita.
882 3046 931 3073 Egli
947 3048 1071 3069 mantenne
1085 3053 1179 3075 sempre
1199 3048 1295 3070 cordiali
1317 3048 1375 3070 rela-
1428 3048 1443 3070 il
1458 3054 1526 3070 nome
1541 3048 1564 3070 di
1578 3048 1721 3071 alessandro
1734 3049 1763 3071 V.
1778 3049 1823 3071 Era
1837 3050 1902 3071 stato
1915 3049 1988 3072 eletio
2002 3054 2016 3071 ι
2027 3049 2080 3072 Pisa
2091 3050 2106 3071 11
2118 3051 2142 3072 15
2151 3050 2238 3077 giugno
2249 3050 2309 3078 uoe,
2333 3062 2336 3065 -

489 3087 550 3110 zioni
565 3088 601 3109 col
616 3093 660 3110 suo
675 3088 806 3116 convento,
821 3090 898 3112 vicino
912 3091 934 3112 31
949 3091 1018 3118 quale
1033 3091 1151 3118 prendeva
1161 3093 1244 3114 stanza
1254 3092 1314 3114 nelle
1330 3092 1374 3114 ire
1427 3098 1440 3114 e
1455 3093 1512 3114 mori
1527 3098 1541 3115 a
1556 3092 1661 3120 Bologmn
1674 3093 1697 3115 ai
1710 3093 1725 3115 3
1738 3093 1830 3120 mazeio
1846 3093 1905 3116 1⁴10.
1920 3093 1978 3116 vedi
1993 3093 2123 3122 Romi-lm.
2138 3094 2247 3121 Nonne,
2260 3095 2308 3117 vol.

489 3133 570 3159 quenti
591 3132 660 3154 visite
674 3138 687 3154 a
704 3132 783 3160 pavia,
805 3134 899 3160 giacche
921 3135 940 3156 si
956 3141 982 3157 sa
997 3136 1039 3158 che
1060 3136 1113 3163 egli,
1128 3142 1142 3158 a
1157 3137 1225 3164 pochi
1250 3137 1314 3164 passi
1334 3137 1371 3159 dal
1427 3137 1455 3164 V,
1470 3138 1530 3164 part.
1547 3137 1573 3164 11,
1589 3142 1643 3164 pag.
1660 3137 1705 3159 173.
