2496 3600
1930 250 1991 283 199

121 361 124 362 ⁷
176 369 346 406 Cabrinus
370 371 412 404 de
436 370 619 412 Placentia,
643 373 744 406 frater
767 374 935 408 lohannes
959 375 1001 408 de
1027 375 1181 415 Bavaria‚
1198 376 1299 409 frater
1322 376 1527 410 Benedictus
1551 377 1593 410 de
1618 377 1768 418 noemia,
1789 379 1889 413 frater
1913 381 1990 414 Bal-

91 471 102 478 ⁷>
176 434 278 468 dasar
300 434 343 467 de
367 432 546 474 Sansonia‚
571 435 674 468 frater
697 435 885 470 Grivoldus
909 438 951 470 de
977 437 1150 480 Turingia,
1174 438 1276 471 frater
1300 439 1468 472 Martinus
1493 440 1535 472 de
1559 438 1758 480 Caravazio,
1784 441 1885 475 frater
1909 443 1991 475 Bar-

97 495 123 542 ’Ἴ
173 497 342 532 tolomeus
366 497 408 530 de
433 497 546 537 lanua,
562 498 664 531 frater
687 499 850 532 Nicolaus
874 501 916 533 de
943 500 1110 540 Veneciis,
1127 501 1229 534 frater
1253 501 1374 534 Petrus
1398 503 1440 534 de
1466 501 1684 543 Alexandria,
1700 503 1801 536 frater
1825 504 1993 538 Antonius

109 547 115 554 λ
175 561 219 594 de
242 560 382 599 ibernia,
399 559 501 593 trater
525 559 680 594 Andreas
705 562 747 594 de
772 562 970 602 Zavatariis‚
988 563 1090 596 frater
1113 564 1264 597 Thomas
1289 565 1330 597 de
1349 564 1508 605 Varaxio‚
1525 565 1627 598 frater
1651 565 1794 599 lacobus
1819 567 1861 599 de
1887 566 1995 600 Gilio-

176 623 278 656 nibus
303 624 336 655 et
359 622 459 655 frater
484 622 650 656 lohannes
671 624 713 656 de
732 623 896 658 Gonzano
920 623 981 667 (1),
999 626 1161 659 facientes
1186 629 1218 659 et
1243 629 1513 668 representantes
1538 629 1643 660 totum
1669 628 1853 670 capitulum
1879 630 1988 670 ipsius

113 692 133 736 ᾗ)
174 685 367 718 conventus
391 684 471 724 fere,
489 693 564 717 cum
583 694 648 717 non
667 686 801 719 deficiat
826 687 889 719 nisi
908 688 1020 720 dictus
1044 688 1146 721 frater
1169 688 1336 722 Iohannes
1353 689 1395 722 de
1421 689 1522 722 lanua
1540 689 1619 722 olim
1638 690 1729 731 prior
1745 691 1934 723 antedictus
1938 717 1990 723 .....

114 785 118 799 2
178 748 262 781 vista
286 747 319 780 Ια
342 747 456 781 lettera
480 747 534 780 del
556 748 708 790 Principe
732 750 765 782 in
789 750 870 782 data
897 751 942 783 17
961 750 1086 783 ottobre
1113 751 1198 784 1393
1221 749 1309 792 (doc.
1327 761 1358 784 n.
1375 749 1458 792 CV),
1478 751 1720 794 addivengono‚
1738 761 1799 785 con
1816 753 1993 786 Antoniolo

176 811 277 844 Arese
300 810 370 843 alla
388 813 540 852 permuta
564 811 600 844 di
622 820 688 844 una
713 821 794 845 casa
810 813 842 845 in
859 812 1060 845 Parrocclu'a
1076 814 1111 846 di
1127 813 1159 847 S.
1178 814 1340 852 Invenzio‚
1359 815 1412 847 coi
1435 814 1498 847 due
1523 814 1624 856 affitti
1646 815 1792 852 livellari,
1812 815 1996 857 specificati

169 873 263 907 ‚nella
286 875 394 906 stesso
418 873 540 906 lettera.

1023 1129 1154 1170 CIX.

266 1236 405 1266 Laurea
429 1236 464 1265 in
487 1236 643 1274 teologia
668 1237 704 1266 di
729 1237 818 1266 frate
844 1237 1021 1267 Giovanni
1046 1238 1091 1267 da
1115 1238 1209 1267 Reez
1234 1238 1270 1267 di
1295 1238 1460 1268 Baviera.

851 1360 1007 1393 1394,
1027 1362 1247 1394 agosto,
1267 1360 1318 1393 (2).

727 1450 876 1477 (MAloccffl‚
907 1450 964 1473 Cod.
980 1450 1077 1477 diplom.
1093 1449 1225 1473 dewvmv.
1242 1451 1287 1472 vol.
1305 1451 1321 1477 l,
1338 1456 1391 1478 pag.
1407 1451 1464 1475 230),

259 1635 280 1746 Ι
353 1635 358 1729 Ι
424 1653 588 1683 NIVERSlS
612 1650 644 1681 et
668 1648 813 1690 singulis
838 1650 1015 1690 presentes
1040 1649 1245 1690 inspecturis
1271 1648 1371 1681 frater
1396 1647 1610 1688 Guillelmus‚
1636 1647 1738 1681 Sacre
1763 1647 1891 1690 Pagine
1924 1657 2002 1690 pro-

445 1711 566 1750 fessor,
591 1710 653 1743 Dei
679 1713 711 1743 et
736 1710 925 1752 apostolice
951 1711 1044 1744 sedis
1068 1712 1175 1753 gratia
1199 1712 1385 1753 episeopus
1409 1711 1586 1752 papiensis
1610 1713 1642 1743 et
1659 1720 1775 1744 comes
1792 1720 1832 1743 ac
1858 1710 2002 1744 Univer-

445 1774 556 1807 sitatis
581 1772 690 1807 Studii
716 1773 893 1815 papiensis
918 1774 1140 1806 canzellarius
1165 1774 1388 1807 reverentiam
1413 1775 1445 1806 et
1469 1773 1613 1807 salutem
1638 1776 1705 1806 tarn
1731 1773 1864 1806 debitas
1898 1782 1999 1814 quam

177 1836 331 1869 devotas.
357 1836 429 1869 Etsi
454 1837 603 1869 omnium
621 1845 683 1878 pro
700 1836 841 1869 scientie
859 1837 1037 1878 margarita
1054 1837 1269 1878 capescenda
1287 1836 1528 1876 insudantium,
1546 1837 1663 1876 virtus,
1681 1836 1838 1878 exigente
1864 1836 2001 1874 iustitia,

172 1898 347 1940 »condigna
371 1899 500 1940 premia
525 1900 656 1940 poscat,
682 1907 743 1931 nec
769 1901 949 1931 coronetur
974 1899 1037 1931 nisi
1063 1900 1120 1940 qui
1147 1899 1292 1941 legitime
1318 1899 1506 1931 certaverit:v
1531 1898 1577 1930 illi
1614 1900 1736 1938 tamen,
1762 1899 1820 1939 qui
1846 1899 1878 1930 in
1904 1906 2001 1930 sacra

177 1961 358 2003 theologia,
383 1970 450 2003 que
475 1963 526 1994 est
550 1962 699 1994 omnium
739 1962 956 1994 scientiarum
993 1963 1098 1994 mater
1122 1963 1154 1994 et
1179 1962 1349 2003 magistra,
1385 1961 1464 1994 fidei
1501 1962 1767 2000 fondamentum,
1803 1961 1998 2002 estirpatrix

175 2023 331 2057 heresum
349 2025 382 2056 et
398 2025 510 2056 eterne
534 2023 654 2056 salutis
673 2024 853 2063 inventriX,
871 2024 1009 2065 propria
1027 2024 1254 2065 relinquentes
1272 2025 1303 2056 et
1321 2032 1358 2056 se
1375 2024 1471 2065 ipsos
1488 2023 1708 2065 abnegantes,
1726 2023 1862 2056 diversa
1879 2022 1993 2055 mondi

178 2085 313 2119 climata
337 2087 569 2129 peragrarunt,
595 2084 714 2119 Studia
750 2087 955 2125 rotaverunt,
980 2087 1012 2118 et
1037 2086 1069 2118 in
1095 2086 1144 2118 eis
1169 2087 1287 2119 noctes
1323 2094 1468 2127 persepe
1504 2086 1668 2118 ducentes
1704 2086 1901 2127 insompnes
1938 2085 1999 2116 im-

178 2149 305 2181 mensis
330 2148 507 2181 laboribus
531 2150 563 2181 et
587 2148 773 2181 sudoribus
799 2148 938 2181 infinitis
963 2148 1116 2181 bravium
1142 2149 1334 2190 attigerunt,
1363 2148 1497 2181 felitiori
1523 2149 1602 2181 sunt
1637 2148 1775 2180 denario
1811 2147 1999 2189 premiandi

177 2212 211 2244 et
234 2211 351 2244 maiori
377 2211 564 2244 reverentie
589 2211 680 2244 dono
705 2211 898 2250 decorandi,
924 2211 1100 2252 presertim
1138 2211 1194 2243 ubi
1231 2211 1274 2243 ad
1311 2211 1452 2244 scientie
1489 2210 1671 2250 cumulum,
1707 2210 1864 2243 cumulus
1900 2210 1999 2242 etiam

177 2273 310 2306 accedit
333 2274 505 2306 virtutum.
531 2271 617 2307 Cum
643 2274 756 2315 itaque
781 2273 851 2306 vita
876 2273 1063 2312 modestus,
1088 2273 1241 2306 moribus
1265 2273 1377 2306 clarus
1402 2275 1434 2306 et
1451 2273 1518 2306 alta
1535 2281 1574 2305 ac
1592 2281 1672 2305 vera
1689 2273 1831 2305 scientia
1849 2272 1999 2304 imbutus

177 2335 386 2368 reverendus
410 2337 506 2377 pater
529 2335 630 2368 frater
655 2335 821 2368 Iohannes
846 2335 888 2368 de
914 2334 981 2369 Rez
1005 2335 1047 2368 de
1072 2334 1219 2375 Austria,
1245 2335 1412 2377 provintie
1437 2334 1592 2374 Bavarie,
1617 2335 1746 2367 ordinis
1763 2334 1998 2367 heremitarum

175 2398 264 2431 beati
290 2397 483 2440 Augustini,
507 2400 587 2440 post
610 2399 706 2431 actus
732 2397 933 2431 scolasticos
958 2398 990 2430 in
1015 2398 1171 2439 pluribus
1197 2397 1414 2440 generalibus
1439 2395 1568 2430 Studiis
1585 2406 1646 2439 per
1662 2406 1737 2429 eum
1762 2396 1905 2429 feliciter
1921 2405 2001 2428 con-

177 2462 342 2500 sumatos,
367 2470 428 2502 per
451 2460 642 2503 generalem
668 2461 813 2502 priorem
838 2460 919 2493 dicti
944 2460 1074 2493 ordinis
1099 2462 1132 2493 et
1155 2459 1312 2502 generale
1337 2459 1521 2501 capitulum
1557 2459 1787 2498 diffinitorum,
1823 2458 1998 2499 Herbipoli

167 2522 381 2556 celebratum
406 2522 639 2565 mcchxxxxJ,
664 2523 847 2564 deputatus
871 2522 970 2555 tuerit
994 2522 1037 2555 ad
1063 2522 1243 2565 legendum
1280 2521 1472 2555 Sententias
1497 2531 1559 2564 pro
1583 2521 1690 2554 torma
1715 2521 1747 2553 in
1784 2519 1904 2554 Studio
1941 2529 2002 2562 pa-

176 2586 286 2628 piensi
311 2583 373 2627 (3),
398 2587 431 2618 et
454 2594 516 2627 pro
541 2587 634 2627 parte
659 2584 777 2626 prefati
803 2585 970 2627 generalis
995 2585 1117 2626 prioris
1142 2594 1201 2626 per
1225 2584 1393 2627 quosdam
1418 2584 1504 2617 alios
1543 2584 1624 2616 dicti
1660 2583 1789 2616 ordinis
1826 2583 1858 2614 in
1895 2581 2000 2615 Sacra

175 2648 300 2690 pagina
324 2647 539 2690 professores
563 2649 778 2689 presentatus
803 2647 902 2680 nobis
927 2647 1085 2687 extiterit,
1121 2656 1183 2689 pro
1218 2656 1319 2680 onere
1355 2646 1551 2680 huiusmodi
1588 2646 1714 2679 lecture
1750 2645 1931 2678 subeundo
1967 2646 2000 2677 et

175 2710 283 2752 gradu
307 2711 490 2753 magisterii
515 2710 740 2752 capescendo,
765 2711 796 2742 et
820 2719 880 2751 per
903 2718 967 2742 nos
991 2709 1033 2742 ad
1059 2709 1220 2742 lecturam
1245 2710 1354 2751 ipsam
1380 2709 1497 2742 merito
1521 2709 1704 2747 admissus,
1730 2708 1873 2749 ipseque
1898 2706 1999 2740 frater

230 2868 262 2894 tl)
275 2868 386 2891 Notiamo
399 2868 415 2890 il
429 2868 490 2891 tatto
511 2868 553 2891 che
567 2868 582 2890 il
597 2868 721 2891 Convento
735 2868 758 2890 dl
773 2867 796 2890 S.
813 2867 928 2895 Agostino
948 2867 971 2890 di
987 2867 1058 2890 Pavla
1112 2867 1150 2890 del
1166 2867 1226 2892 1394)
1240 2867 1300 2890 nella
1316 2867 1444 2890 Biblioteca
1459 2866 1662 2890 deii’Universita.
1677 2867 1762 2893 Manca
1773 2866 1795 2889 di
1805 2867 1859 2894 ogni
1874 2867 1930 2889 data
1944 2872 1995 2889 cro-

177 2913 207 2935 lu
221 2918 314 2940 sempre
334 2913 408 2936 avuto
429 2913 538 2941 Religiosi
553 2913 576 2935 di
591 2913 655 2935 varie
675 2913 782 2935 Nazioni.
805 2913 864 2935 Esse
885 2912 934 2935 cosi
955 2913 976 2934 zi
992 2912 1057 2934 addi·
1111 2912 1232 2939 nologica;
1248 2918 1285 2934 ma
1300 2912 1342 2934 che
1351 2913 1497 2939 appartenga
1511 2912 1533 2933 al
1550 2911 1601 2934 1394
1615 2911 1634 2933 si
1650 2917 1723 2938 prova
1738 2911 1774 2934 coi
1784 2911 1878 2934 volume
1888 2911 1924 2934 dei
1936 2911 1994 2934 Pro-

178 2958 267 2980 mostra
281 2963 312 2980 un
333 2957 456 2980 convento
477 2957 500 2980 di
521 2959 637 2980 carattere
657 2957 847 2984 internazionale,
863 2962 875 2979 e
889 2956 926 2979 cio
940 2956 953 2979 e
967 2956 1057 2979 ‹lovuto
1112 2957 1196 2979 recolli
1210 2956 1247 2979 del
1260 2956 1335 2984 Gritti,
1350 2956 1410 2979 della
1425 2957 1502 2979 stessa
1517 2956 1655 2983 Biblioteca‚
1670 2956 1730 2978 dove
1751 2957 1816 2978 sotto
1835 2956 1921 2978 l'anno
1935 2956 1993 2978 indi-

175 3001 221 3024 alla
235 3007 349 3030 presenza
363 3002 423 3025 delle
437 3001 542 3030 Reliquie
556 3002 594 3024 dei
608 3002 726 3025 patriarca
741 3001 894 3029 deii'Ordine,
911 3007 968 3024 vero
975 3002 1056 3023 centro
1110 3002 1165 3023 cato
1178 3001 1267 3023 trovasi
1282 3001 1407 3023 l'accenno
1421 3000 1444 3022 ai
1459 3007 1470 3019 κ
1485 3000 1623 3023 doctoratus
1637 3000 1660 3022 in
1674 3005 1742 3023 sacra
1757 3000 1842 3028 pagina
1864 2999 1944 3022 tratris
1959 3000 1992 3022 lo-

167 3046 201 3069 ·dl
213 3046 345 3070 attrazione
358 3052 401 3074 per
414 3047 471 3070 tutfl
485 3047 492 3069 i
506 3047 559 3070 suoi
573 3046 630 3075 ligii.
1110 3045 1193 3068 hannis
1207 3045 1236 3068 de
1249 3045 1345 3068 Austria
1358 3053 1379 3067 ι.

228 3090 260 3118 (2)
274 3091 359 3114 L'atto
373 3091 485 3119 originale
499 3091 512 3114 ὲ
526 3091 618 3119 mutuo,
632 3091 661 3114 ed
675 3091 688 3114 ὲ
703 3091 786 3114 scritto
800 3097 829 3114 su
843 3091 951 3119 foglietto
961 3091 1055 3113 volante
1161 3089 1192 3117 (³)
1207 3090 1332 3117 Leggiamo
1346 3090 1383 3112 nel
1398 3090 1506 3114 TORBLU
1520 3090 1614 3117 voi.Vl,
1629 3095 1682 3117 pag.
1697 3090 1752 3112 304:
1767 3097 1779 3108 κ
1793 3089 1872 3112 Scrive
1883 3089 1898 3111 il
1908 3091 1989 3111 nostro

164 3137 316 3159 -eonaemto
330 3136 391 3164 negli
405 3135 455 3159 Atti
470 3137 495 3159 in
510 3137 610 3160 extenso
625 3136 662 3158 del
677 3136 757 3159 notaio
771 3135 892 3158 AlbertoIo
906 3135 972 3158 Gritti
982 3135 1055 3162 (Cart.
1111 3134 1186 3158 Felice
1201 3135 1310 3158 Miiensio
1324 3134 1361 3157 nei
1375 3139 1420 3158 suo
1434 3134 1543 3157 Aiiabeto
1552 3134 1699 3162 Germanico,
1714 3133 1750 3157 De
1764 3134 1890 3156 Monachls
1904 3134 1928 3156 et
1942 3134 1991 3156 Mo-
