2496 3600
1979 262 2015 292 ii

1039 490 1129 530 VI.

83 624 106 634 ,
265 595 381 626 Guido
405 595 572 625 Vescovo
600 595 636 625 di
665 596 778 625 Pavia
803 597 993 633 conferma,
1031 598 1076 628 da
1112 598 1272 634 Viterbo,
1298 599 1333 628 la
1358 599 1553 629 donazione
1578 600 1614 629 di
1639 600 1674 630 S.
1701 601 1881 640 Mostiola,
1907 603 1998 631 satta

150 649 214 682 dal
239 657 304 680 suo
328 648 474 679 Vicario
498 657 517 678 e
541 648 600 678 dai
625 649 787 686 Capitolo
812 649 906 679 della
930 650 1144 687 Cattedrale,
1171 652 1242 689 agli
1266 652 1461 682 Eremitani
1485 653 1521 682 di
1546 653 1582 682 S.
1608 653 1782 690 Agostino
1807 651 1868 695 (l).

798 772 954 804 1277,
973 774 1316 807 settembre,
1336 775 1376 800 1.

733 859 862 887 (TORELL1‚
885 860 963 882 Secoii'
983 861 1149 888 Agostintani,
1173 862 1223 884 voi.
1247 862 1283 884 iv.
1306 868 1359 890 pag.
1381 863 1436 889 802).

267 1044 316 1160 Ι
407 998 441 1123 ΙΙΝ
465 1057 599 1089 nomine
624 1054 760 1089 Domini
785 1066 894 1090 amen.
922 1057 1020 1091 Anno
1049 1067 1069 1091 a
1094 1059 1266 1092 nativitate
1302 1060 1454 1093 eiusdem
1487 1060 1622 1093 Domini
1655 1062 1832 1095 millesimo
1867 1063 1994 1096 ducen—

407 1127 408 1132 ’
436 1120 557 1152 tesimo
581 1120 835 1161 septuagesimo
860 1121 1015 1161 septimo,
1034 1121 1215 1154 indictione
1233 1123 1359 1163 quinta,
1378 1124 1432 1156 die
1450 1124 1556 1164 prima
1574 1125 1700 1157 mensis
1729 1126 1941 1166 septembris,
1960 1127 1991 1158 in

96 1222 105 1230 Η
434 1182 626 1223 praesentia
651 1182 715 1214 mei
740 1181 868 1214 Notarii
895 1185 927 1214 et
951 1183 1086 1215 testium
1113 1183 1410 1225 infrascriptorum.
1448 1184 1566 1218 Vener.
1593 1185 1692 1218 Pater
1716 1185 1756 1219 D.
1783 1185 1896 1220 Guido
1929 1187 1991 1220 Dei

111 1231 115 1234 ,
170 1245 276 1288 gratia
301 1243 494 1286 Episcopus
518 1243 704 1285 papiensis,
729 1243 759 1276 ei
784 1244 940 1283 consum,
966 1245 1057 1286 quod
1094 1244 1364 1278 Archidiaconus
1389 1248 1420 1278 et
1444 1246 1715 1288 Archipresbiter
1739 1250 1770 1280 et
1799 1247 1990 1290 Capitulum

85 1303 94 1310 '
169 1305 342 1340 Ecclesiae
368 1305 504 1338 maioris
529 1305 714 1347 papiensis,
740 1307 772 1338 et
796 1305 933 1347 quidam
959 1305 1179 1347 Praepositus
1204 1307 1369 1340 ecclesiae
1394 1306 1427 1341 S.
1453 1308 1635 1341 Mustiolae
1668 1310 1709 1341 de
1731 1309 1847 1351 Papia,
1873 1311 1990 1343 intuitu

167 1369 394 1402 eleemosinae
419 1369 451 1400 et
475 1367 621 1409 pietatis,
646 1369 678 1400 et
702 1367 987 1409 contemplatione
1012 1368 1147 1401 divinae
1177 1370 1465 1410 remunerationis,
1502 1374 1754 1411 concesserunt,
1780 1372 1991 1406 donaverunt

167 1433 200 1464 et
223 1430 388 1464 dederunt
413 1430 537 1463 dictam
561 1429 741 1462 ecclesiam
767 1428 799 1463 S.
825 1430 1009 1463 Mustiolae
1035 1440 1110 1463 cum
1143 1432 1301 1464 omnibus
1337 1432 1495 1465 domibus
1532 1435 1563 1465 et
1600 1434 1704 1466 hortis
1741 1435 1849 1475 ipsius
1885 1436 1992 1468 eccle-

86 1494 93 1503 ²
114 1511 118 1513 Α
166 1493 248 1532 siae,
273 1493 383 1526 eidem
407 1492 653 1532 adiacentibus,
679 1492 847 1534 religiosis
871 1493 953 1525 viris
978 1492 1084 1525 Priori
1110 1495 1142 1526 et
1167 1493 1339 1527 Fratribus
1363 1494 1519 1527 Eremitis
1555 1494 1693 1528 Ordinis
1730 1495 1762 1529 S.
1799 1496 1990 1539 Augustini,

165 1557 199 1588 et
222 1555 332 1597 ipsius
367 1555 579 1594 donationis,
615 1554 763 1587 dationis
788 1556 820 1587 et
844 1556 1090 1596 concessionis,
1127 1556 1215 1588 idem
1251 1556 1409 1589 dominus
1446 1557 1639 1599 Episcopus
1675 1558 1805 1591 habens
1841 1560 1990 1592 notitiam

165 1616 361 1659 pleniorem,
386 1616 429 1649 ad
454 1616 738 1658 supplicationem
763 1617 912 1659 religiosi
938 1618 999 1650 viri
1025 1618 1151 1650 domini
1177 1618 1301 1651 Fratris
1337 1618 1507 1652 Francisci
1544 1619 1670 1652 Prioris
1707 1619 1884 1654 Generalis
1913 1622 1991 1654 Fra-

165 1680 252 1712 trum
278 1679 497 1712 Eremitarum
525 1679 689 1720 praedicti
726 1678 865 1712 Ordinis
889 1678 923 1713 S.
949 1679 1128 1722 Augustini
1165 1678 1227 1722 (2),
1264 1681 1433 1722 praefatas
1469 1682 1695 1722 donationem,
1732 1684 1988 1717 concessionem

79 1719 117 1755 ⁴¹⁷
165 1742 199 1774 et
221 1741 391 1774 dationem
417 1741 604 1780 ratificavit,
622 1742 654 1773 et
671 1749 714 1773 ex
732 1743 823 1774 certa
840 1742 981 1774 scientia
1003 1743 1216 1777 ,confirmavit
1233 1745 1264 1776 et
1281 1744 1494 1785 approbavit.
1513 1744 1553 1776 Et
1570 1745 1598 1777 si
1616 1745 1693 1786 quis
1711 1745 1863 1778 defectus
1881 1747 1913 1778 in
1931 1747 1993 1779 do-

169 1803 313 1843 natione,
349 1812 410 1836 seu
445 1803 581 1836 datione
606 1805 639 1836 et
663 1804 886 1837 concessione
910 1805 1095 1846 praedictis
1118 1805 1228 1845 fuerit,
1264 1805 1438 1848 supplev1t
1462 1816 1505 1843 ex
1530 1807 1699 1840 ordinaria
1737 1809 1914 1850 potestate.
1953 1809 1991 1842 Et

169 1865 308 1908 insuper
331 1866 531 1899 desiderans
555 1866 645 1898 idem
670 1865 752 1898 Ven.
777 1865 878 1899 Pater
901 1866 942 1899 D.
968 1867 1172 1909 Episcopus,
1198 1868 1290 1910 quod
1316 1869 1348 1900 in
1373 1869 1493 1901 eodem
1530 1869 1605 1902 loco
1638 1868 1671 1902 S.
1697 1870 1879 1903 Mustiolae
1916 1871 1991 1904 reli—

169 1927 226 1970 gio
248 1927 414 1961 dictorum
439 1927 589 1961 Fratrum
614 1927 834 1961 Eremitarum
859 1928 998 1962 liberius
1023 1932 1195 1972 augeatur,
1221 1932 1253 1963 et
1277 1931 1368 1972 quod
1395 1931 1471 1972 ipsi,
1497 1931 1591 1964 liberi
1617 1934 1648 1964 et
1673 1934 1832 1974 exempti,
1858 1934 1990 1975 possint

99 2036 101 2038 ,
167 1989 353 2024 ferventius
376 1992 409 2024 et
433 1990 554 2023 melius
577 1999 699 2023 vacare
739 1990 813 2024 Deo
838 1994 870 2024 et
894 1991 994 2025 saluti
1031 1993 1227 2032 animarum,
1264 1993 1372 2034 ipsam
1409 1993 1587 2026 ecclesiam
1624 1993 1656 2027 S.
1694 1995 1876 2028 Mustiolae
1914 2005 1988 2028 cum

83 2040 116 2067 “’
169 2053 274 2087 hortis
298 2054 331 2086 et
353 2053 513 2086 domibus
537 2053 567 2086 ei
592 2053 838 2094 adiacentibus,
863 2056 896 2087 et
920 2054 1052 2087 Fratres
1077 2055 1134 2096 qui
1160 2064 1248 2088 nunc
1273 2057 1361 2095 sunt,
1387 2057 1419 2088 et
1436 2065 1497 2097 pro
1514 2058 1664 2098 tempore
1688 2057 1810 2090 fuerint
1839 2058 1870 2090 in
1900 2058 1988 2090 dicta

74 2103 82 2112 ⁴
167 2115 323 2156 ecclesia,
347 2115 472 2148 exemit
495 2115 539 2148 ab
564 2117 704 2157 utraque
730 2115 803 2158 lege
828 2118 894 2149 tam
920 2116 1114 2156 diocesana,
1140 2126 1240 2158 quam
1266 2117 1519 2158 iurisdictionis,
1544 2119 1754 2151 constituens
1771 2120 1869 2152 etiarn
1897 2120 1987 2161 quod

168 2177 258 2211 dicta
281 2178 427 2211 ecclesia
451 2179 483 2210 et
508 2177 650 2217 Fratres,
675 2178 732 2219 qui
758 2180 846 2218 sunt,
871 2181 903 2211 et
928 2188 989 2220 pro
1013 2181 1164 2221 tempore
1188 2179 1310 2212 fuerint
1334 2180 1366 2211 in
1392 2180 1482 2212 dicta
1498 2180 1654 2220 ecclesia,
1679 2181 1787 2214 eidem
1816 2181 1988 2223 Episcopo

167 2241 201 2273 et
222 2239 484 2273 successoribus
508 2240 591 2279 suis,
616 2241 649 2272 et
672 2240 802 2272 eisdem
826 2239 1076 2273 Archidiacono
1100 2242 1132 2273 et
1157 2239 1316 2283 Capitulo
1340 2251 1379 2274 ac
1405 2241 1578 2274 Ecclesiae
1603 2241 1762 2284 Papiensi
1781 2243 1822 2276 ad
1841 2243 1987 2284 aliquem

167 2310 306 2336 censum
330 2301 582 2344 praestandum,
607 2310 668 2334 seu
693 2302 867 2335 servitium
892 2302 1042 2344 aliquod,
1067 2303 1109 2336 de
1134 2305 1268 2336 caetero
1292 2313 1358 2335 non
1384 2305 1573 2343 teneantur,
1598 2313 1617 2336 a
1642 2305 1767 2345 quibus
1797 2306 1903 2346 ipsam
1934 2314 1989 2337 ec-

167 2362 304 2397 clesiam
329 2365 362 2397 et
390 2364 486 2406 ipsos
522 2363 654 2396 Fratres
689 2365 826 2397 omnino
863 2364 1018 2398 liberavit
1042 2367 1074 2398 et
1098 2365 1246 2398 absolvit
1270 2367 1303 2398 et
1327 2365 1452 2398 liberos
1488 2367 1661 2398 constituit
1685 2369 1717 2399 et
1742 2367 1915 2399 immunes.
1946 2366 1985 2399 Et

78 2461 98 2470 ,.
167 2425 333 2468 quidquid
358 2426 440 2459 iuris
465 2426 497 2458 in
523 2426 599 2467 ipsa
623 2426 769 2459 ecclesia
794 2426 882 2459 idem
919 2426 1112 2469 Episcopus
1137 2436 1198 2460 seu
1232 2427 1385 2460 Ecclesia
1421 2427 1600 2469 Papiensis
1634 2429 1744 2467 habet,
1780 2429 1918 2461 donavit
1954 2431 1987 2461 et

94 2500 117 2526 g
167 2488 337 2521 concessit
373 2488 464 2521 dicto
489 2487 606 2527 Priori,
632 2487 805 2530 recipienti
839 2489 913 2521 vice
939 2490 970 2521 et
1003 2489 1136 2521 nomine
1173 2488 1322 2522 Fratrum
1360 2488 1578 2522 Eremitarum
1615 2488 1752 2522 Ordinis
1789 2490 1983 2531 supradicti.

74 2536 113 2572 ⁴⁹-
167 2547 301 2588 Quibus
336 2550 494 2583 omnibus
518 2550 630 2582 dictus
655 2549 813 2583 dominus
837 2549 933 2583 Prior
957 2550 1113 2590 interfuit,
1138 2553 1170 2583 et
1194 2551 1306 2583 omnia
1331 2553 1363 2584 et
1387 2551 1519 2593 singula
1545 2551 1748 2593 supradicta,
1774 2561 1834 2593 pro
1859 2550 1987 2584 Ordine

168 2610 317 2645 Fratrum
342 2611 573 2652 Eremitarum,
598 2614 630 2645 et
655 2621 716 2654 pro
741 2613 826 2654 ipsis
863 2612 1035 2645 Fratribus
1071 2613 1276 2654 acceptavit,
1301 2615 1334 2646 et
1359 2613 1476 2646 eadem
1514 2614 1657 2655 benigne
1694 2622 1769 2647 cum
1806 2614 1985 2655 gratiarum

223 2767 254 2794 (i)
268 2767 284 2790 11
298 2767 439 2791 documento
453 2767 478 2790 fu
492 2769 647 2795 ripubbiicato
661 2769 734 2790 anche
748 2768 778 2790 da
788 2768 816 2791 G.
836 2768 944 2796 BOSisio,
954 2768 1052 2791 Docum.
1107 2768 1180 2791 Sedes
1196 2769 1316 2791 Pontificia
1332 2770 1433 2796 vacaret,
1448 2769 1543 2791 Sacrum
1567 2769 1722 2791 Cardinaiium
1738 2769 1873 2797 Collegium,
1896 2771 1982 2797 quibus

172 2811 235 2834 Ined.
248 2811 313 2834 della
329 2811 416 2835 Chlem
429 2811 487 2835 Ραν.
501 2818 555 2840 pag.
570 2813 604 2835 ⁴4.
620 2813 636 2834 11
651 2812 736 2834 'roreiii
751 2818 796 2834 non
812 2812 862 2834 dice
883 2812 960 2834 donde
973 2813 1051 2836 :abbia
1105 2813 1289 2840 eloquentissimi
1307 2813 1348 2835 viri
1360 2813 1416 2834 mira
1433 2813 1540 2834 facundia
1554 2813 1695 2840 innotuerat,
1710 2813 1903 2841 Augustinianum
1918 2814 1983 2836 Anti-

170 2856 243 2878 nvuto
256 2855 324 2883 copia
338 2855 452 2878 deiratio.
467 2856 510 2879 Noi
525 2862 571 2879 non
586 2862 615 2878 ne
628 2856 738 2878 abbiamo
753 2858 846 2878 trovato
861 2856 996 2883 i'originaie.
1104 2857 1196 2879 stistem
1211 2857 1270 2882 (cine
1285 2857 1300 2878 ii
1315 2858 1396 2879 nostro
1407 2857 1522 2884 generale)
1531 2857 1658 2884 elegerunt,
1670 2858 1695 2879 ut
1705 2863 1783 2879 coram
1795 2858 1981 2880 Eminentissimo

223 2898 254 2926 (2)
267 2893 286 2922 1⁵.
299 2899 315 2922 ii
329 2899 404 2923 Beato
417 2900 545 2923 Franceeeo
560 2900 590 2923 da
605 2900 700 2928 Reggio,
715 2902 817 2922 maestro
831 2901 854 2923 in
864 2901 965 2928 teoiogia
975 2906 988 2923 e
998 2906 1048 2922 ora·
1102 2901 1188 2923 Senatu
1199 2901 1227 2923 de
1238 2907 1299 2923 novo
1311 2901 1421 2923 Pontifice
1436 2901 1541 2928 eligendo
1555 2907 1685 2924 sermonem
1700 2902 1803 2929 haberet,
1819 2902 1882 2929 quod
1897 2908 1981 2924 munus

171 2943 223 2966 tore
242 2944 434 2972 celebratissimi»,
448 2946 491 2967 che
505 2945 583 2967 l'anno
599 2945 650 2967 1214
663 2945 688 2967 tu
704 2947 803 2967 assunto
817 2945 840 2967 ai
854 2945 995 2972 generalem,
1018 2945 1048 2966 da
1102 2946 1360 2968 honorificentissimum
1375 2946 1425 2972 ipse
1440 2951 1552 2972 perquam
1567 2946 1655 2973 optime
1669 2951 1761 2968 summo
1775 2947 1876 2968 omniurn
1897 2947 1979 2973 plausu

171 2986 204 3010 ini
217 2988 299 3011 tonino
312 2989 364 3011 tino
377 2989 423 3011 aila
437 2994 480 3012 sun
495 2990 570 3011 morte
583 2990 701 3011 avvenuta
715 2989 752 3011 nei
769 2989 826 3011 128⁴.
842 2989 883 3011 Nei
896 2989 946 3011 1277
956 2989 999 3016 egli
1010 2994 1050 3011 era
1103 2990 1247 3017 adimplevit,
1261 2995 1289 3012 ac
1303 2989 1374 3016 paulo
1388 2991 1444 3016 post
1458 2990 1567 3012 Nicolaus
1582 2990 1610 3012 111
1633 2990 1738 3013 Pontifex
1752 2992 1850 3013 creatus.
1863 2991 1906 3013 tuit
1928 2999 1946 3012 ».
1964 2991 1979 3012 l.

170 3035 186 3054 e
198 3030 294 3055 viterbo
308 3039 320 3051 c
333 3038 378 3056 eon
392 3033 399 3056 i
414 3033 453 3061 piri
469 3033 589 3061 principaii
605 3033 672 3055 Padri
688 3033 829 3056 deii¹0rdine
844 3039 885 3060 per
902 3034 1018 3056 celebrare
1033 3033 1048 3054 ii
1103 3035 1220 3061 ιΑΝτεκι,
1235 3034 1360 3057 Postrema
1374 3033 1474 3057 Saecula
1488 3040 1531 3057 sex
1545 3034 1678 3062 Religionis
1691 3035 1887 3063 Augustinianae,
1899 3036 1983 3057 Tolen-

171 3073 279 3104 &minio
292 3077 400 3104 generale
412 3085 425 3096 ι·
439 3077 564 3106 (Tomi-i,
585 3078 622 3105 lv,
635 3078 692 3105 me),
714 3078 756 3100 che
770 3078 790 3100 si
806 3079 874 3100 tenne
896 3083 965 3100 verso
986 3077 1016 3105 gii
1037 3077 1051 3099 8
1105 3078 1155 3105 tini,
1172 3078 1230 3105 1858,
1245 3077 1296 3100 Vol.
1312 3077 1329 3106 i,
1344 3083 1397 3106 pag.
1415 3078 1459 3103 101.

170 3120 306 3144 munim.
320 3121 385 3144 Neu:
399 3123 477 3145 siena
492 3122 557 3150 cirta,
573 3129 585 3140 ι
599 3127 652 3144 eum
666 3123 764 3149 propter
778 3122 887 3144 iohannis
899 3122 949 3145 ΧΧΙ
960 3122 1049 3144 obitum

2480 3470 2496 3483 .-
2459 3379 2496 3447 25⁴AE
