2496 3600
477 234 520 267 10

475 367 610 401 cambio
634 368 783 401 amiserit
807 369 839 401 et
864 376 983 401 omnes
1007 375 1180 409 expensas
1205 375 1302 408 quaS,
1327 366 1561 408 suprascripto
1585 366 1730 408 nomine,
1754 367 1897 401 termino
1913 367 2084 410 preterito,
2103 367 2231 409 fecerit,
2246 369 2300 403 to-

475 432 545 463 tum
571 430 600 463 ei
626 430 860 472 suprascripto
885 429 1018 462 nomine
1051 429 1184 462 solvere
1209 437 1248 461 ac
1274 428 1449 462 restituere
1485 429 1745 471 promisserunt:
1781 427 1964 463 Credendo
1997 430 2040 470 el,
2064 430 2298 474 suprascripto

476 493 622 532 nomine,
647 493 679 525 in
705 501 769 526 suo
793 492 895 532 dicto,
921 492 993 525 sine
1022 492 1234 525 sacramento
1259 490 1427 531 faciendo,
1452 490 1495 524 de
1519 491 1678 534 deposito
1701 491 1802 532 iacto,
1826 491 2011 526 amissione
2034 492 2158 526 cambii
2182 494 2216 526 et
2238 501 2301 527 ex·

476 555 594 597 pensis
618 555 777 588 omnibus
802 556 901 597 prout
925 554 975 587 eis
1000 554 1132 586 dixerit.
1159 553 1199 586 Et
1223 562 1285 595 pro
1309 553 1472 595 predictis
1495 555 1528 587 et
1552 553 1696 597 singulis
1720 553 1946 595 attendendis,
1974 554 2087 588 omnia
2102 554 2194 589 bona
2210 554 2300 590 dicte

474 617 621 650 ecclesie
646 618 762 649 sancte
796 616 958 649 Mustiole
983 617 1016 648 et
1041 616 1130 648 bona
1166 615 1246 648 dicti
1272 613 1420 657 Capituli
1457 614 1567 649 eidem
1592 614 1710 656 Priori,
1735 616 1969 659 suprascripto
1993 616 2140 657 nomine,
2164 617 2298 660 pignori

473 678 722 721 obligaverunt.
749 678 788 711 Et
813 678 890 711 inde
915 678 995 711 dicti
1021 677 1292 710 Archidiaconus
1316 678 1349 710 et
1366 676 1566 720 Prepositus
1582 680 1615 711 et
1632 675 1827 720 Capitulum
1845 678 1932 712 hanc
1949 680 2074 712 cartam
2091 679 2162 712 fieri
2184 687 2302 722 prece·
2372 713 2380 720 „⁷

476 743 606 783 perunt.
634 740 854 773 Interiuerunt
879 739 1039 773 lsnardus
1064 739 1265 782 Mangiaria,
1290 738 1406 773 Victor
1429 739 1670 780 Mediabarba,
1695 739 1863 774 lohannes
1886 740 1929 774 de
1953 738 2107 775 Gavazio
2123 740 2166 774 de
2184 740 2299 776 Laude

478 805 595 836 testes.
1240 839 1243 841 ,

566 865 638 907 Ego
663 864 823 897 lsnardus
848 864 1038 906 Mangiaria
1063 864 1214 897 notarius
1239 862 1332 897 Sacri
1358 862 1477 897 Palatii
1502 864 1589 898 hanc
1614 866 1750 905 cartam,
1775 864 1931 898 traditam
1955 874 1975 899 a
2003 864 2176 908 quondam
2200 864 2302 900 fratre

477 925 643 968 Gregorio
668 926 868 968 Mangiaria,
894 926 992 958 cuius
1016 925 1183 959 breviaria
1208 926 1286 959 sunt
1310 925 1390 958 mihi
1415 925 1574 966 comissa,
1599 926 1732 968 scripsi.
2355 911 2363 922 '

1356 1181 1421 1222 V.

569 1291 744 1321 Giovanni
769 1291 942 1329 arciprete
967 1291 1023 1321 del
1049 1291 1185 1321 Duomo
1209 1291 1368 1321 rinunzia
1401 1291 1446 1321 ad
1461 1288 1465 1294 '
1481 1299 1528 1320 un
1562 1290 1744 1330 beneficio,
1782 1291 1819 1322 di
1842 1290 1900 1322 cui
1934 1299 1995 1321 era
2019 1290 2189 1322 investito
2210 1290 2306 1322 nella

478 1345 602 1374 chiesa
627 1345 663 1374 di
689 1345 725 1375 S,
753 1345 936 1375 Mostiola.

1173 1466 1329 1500 12⁷7,
1348 1467 1550 1500 aprile,
1569 1468 1622 1493 2.

1043 1564 1120 1591 (Arch.
1137 1564 1159 1586 di
1175 1564 1251 1592 Staio,
1266 1564 1354 1587 Milano
1371 1576 1397 1579 —
1411 1564 1517 1592 Pergam.
1533 1564 1555 1587 di
1570 1563 1594 1587 S.
1609 1564 1739 1590 Mostiola).

498 1755 499 1801 ζ
551 1751 669 1866 A
720 1701 805 1795 rNNO
830 1763 1015 1795 nativitatis
1040 1762 1176 1795 Domini
1202 1762 1381 1796 millesimo
1406 1763 1640 1796 ducentesimo
1665 1753 1920 1805 septuagesimo
1936 1762 2094 1804 septimo,
2125 1762 2310 1796 indictione

498 1806 500 1874 l
720 1777 722 1860 i
749 1826 876 1866 quinta,
901 1826 955 1858 die
974 1826 1108 1858 veneris
1126 1826 1279 1859 secundo
1297 1827 1424 1859 mensis
1441 1825 1568 1868 aprilis,
1586 1826 1619 1858 in
1638 1825 1754 1870 Papia.
1773 1825 1808 1858 ln
1825 1825 2003 1867 presencia
2020 1812 2309 1868 infrascriptorum

498 1889 500 1894 ⁴
720 1866 722 1923 'l
749 1889 883 1921 testium
910 1890 941 1921 et
966 1889 1093 1921 domini
1119 1888 1263 1930 Hospini
1287 1889 1517 1922 archidiaconi
1535 1887 1641 1930 Papie
1665 1889 1698 1920 et
1722 1888 1849 1920 domini
1874 1886 2045 1921 Guidonis
2061 1884 2226 1930 prepositi
2253 1895 2311 1922 ec·

481 1950 584 1983 clesie
610 1949 732 1983 Sancte
758 1951 935 1983 Mustiole:
961 1951 1120 1984 dominus
1146 1951 1312 1984 lohannes
1344 1951 1606 1993 archipresbiter
1630 1950 1767 1983 maioris
1803 1950 1948 1983 ecclesie
1973 1949 2079 1992 Papie
2104 1949 2308 1994 renuntiavit

482 2012 570 2044 omni
597 2013 658 2044 iuri
684 2012 863 2045 clericatus
888 2015 920 2045 et
944 2013 1099 2046 beneficii
1125 2014 1154 2046 ei
1181 2014 1385 2055 competenti
1410 2014 1443 2046 in
1469 2013 1615 2046 ecclesia
1632 2011 1755 2046 Sancte
1773 2011 1936 2045 Mustiole
1952 2013 1986 2045 et
2001 2012 2170 2052 electioni,
2191 2013 2311 2055 postu-

482 2073 595 2106 lationi
622 2083 683 2106 seu
709 2075 928 2107 nominationi
954 2075 996 2107 de
1021 2084 1062 2108 eo
1086 2075 1173 2108 tacte
1199 2075 1231 2107 in
1256 2075 1390 2108 fratrem
1416 2077 1448 2108 et
1472 2074 1631 2108 clericum
1649 2074 1738 2107 dicte
1756 2073 1901 2107 ecclesie
1919 2072 2042 2107 Sancte
2066 2073 2230 2108 Mustiole
2244 2070 2308 2116 (1).

482 2135 591 2174 Quam
617 2137 897 2169 renuntiationem
923 2137 1035 2170 dictus
1060 2137 1330 2171 Archidiaconus
1356 2140 1388 2170 et
1413 2137 1568 2170 Vicarius
1593 2139 1625 2170 et
1649 2137 1762 2169 dictus
1779 2135 1979 2178 Prepositus
1996 2137 2131 2170 nomine
2148 2136 2237 2187 dicte
2253 2145 2311 2171 ec-

480 2198 583 2231 clesie
609 2199 885 2240 approbaverunt
910 2202 942 2232 et
967 2202 1166 2242 receperunt
1190 2202 1222 2233 et
1247 2202 1351 2233 ratam
1377 2200 1576 2233 habuerunt.
1610 2199 1651 2232 Et
1675 2199 1753 2232 inde
1778 2199 1891 2232 dictus
1915 2198 2187 2241 Archipresbiter
2221 2199 2309 2233 hanc

482 2262 606 2293 cartam
631 2261 702 2293 fieri
728 2262 869 2303 rogavit.
896 2261 1117 2295 Interfuerunt
1150 2262 1310 2295 lsnardus
1342 2262 1548 2305 Mangiari'a‚
1584 2261 1700 2294 Victor
1734 2261 1960 2294 Mediabarba
1995 2262 2028 2294 et
2063 2260 2231 2294 lohannes
2264 2260 2308 2295 de
2360 2312 2362 2314 Ι
2411 2255 2428 2269 “’

483 2321 634 2355 Gavazio
660 2323 702 2355 de
728 2323 841 2356 Laude
866 2325 982 2357 testes.

571 2385 643 2427 Ego
668 2385 828 2419 lsnardus
853 2386 1044 2428 Mangiaria
1069 2387 1220 2419 notarius
1245 2385 1339 2420 Sacri
1365 2386 1492 2420 Palacii
1511 2387 1597 2420 hanc
1622 2388 1759 2426 cartam,
1783 2385 1940 2419 traditam
1964 2395 1984 2419 a
2008 2385 2180 2428 quondam
2204 2384 2305 2420 fratre
2346 2422 2349 2423 ⁷

482 2446 648 2489 Gregorio
673 2448 873 2491 Mangiaria,
899 2449 997 2481 cuius
1022 2449 1190 2482 breviaria
1214 2451 1293 2482 sunt
1317 2449 1397 2482 mihi
1423 2449 1617 2488 commissa,
1642 2448 1775 2490 scripsi.

540 2604 570 2631 (1)
586 2605 616 2626 La
631 2605 736 2627 rinunzia
750 2606 772 2627 al
787 2606 908 2633 beneficio,
924 2612 938 2628 o
953 2606 1097 2633 cappellania
1112 2606 1231 2634 semplice,
1246 2606 1305 2628 farta
1324 2606 1372 2628 dal·
1425 2607 1447 2628 ai
1462 2606 1564 2634 religiosi
1577 2606 1718 2634 agostlnlanl
1733 2606 1862 2629 l'esercizio
1876 2606 1936 2629 delle
1954 2605 2057 2628 funzioni
2076 2610 2144 2633 sacre
2165 2605 2188 2628 in
2207 2604 2232 2628 S.
2253 2605 2307 2629 Mo·

488 2649 618 2675 l’arciprete
640 2649 677 2671 del
692 2650 784 2672 Duomo
799 2656 838 2672 era
854 2651 985 2673 necessaria
996 2656 1037 2678 per
1047 2651 1130 2673 iasciar
1145 2651 1282 2674 totalmente
1296 2651 1369 2673 libero
1424 2651 1502 2674 stioia.
