2496 3600
598 8 602 16 =
630 1 774 27 *v
794 0 1149 25 0³22³⁶95*⁸‘=÷f·-·÷‘=-'-3-1·³-*¹-··
1246 0 1270 25 ,“’
1314 0 1359 6 ’“”
1375 0 1389 16 ·‘-
1433 0 1436 1 ’
1668 0 1678 9 ’
1779 18 1782 19 ⁷
1804 7 1808 13 ¹
1833 0 1869 4 ··
1941 0 2013 21 ·'⁶

1981 272 2037 310 lm

163 410 193 442 25*
215 396 389 433 diaeonus
411 394 588 438 papiensis
611 404 652 428 ac
676 395 909 428 subexecutor
943 398 1044 438 prout
1080 396 1220 430 interius
1256 398 1456 437 continetur,
1493 399 1584 431 omni
1622 399 1704 439 iure,
1744 401 1846 433 modo
1871 403 1903 434 et
1935 402 2043 436 forma

216 458 349 506 §uibus
371 457 497 491 melius¹
516 458 626 499 potuit
649 459 683 490 et
706 459 830 499 potest,
855 458 1030 491 constituit
1054 458 1224 492 ordinavit
1248 461 1281 492 et
1304 459 1394 499 fecit,
1420 469 1460 493 ac
1485 461 1670 501 constituit,
1688 462 1821 495 ordinat
1839 463 1968 496 etfacit
1995 464 2044 497 la-

146 517 183 532 ”
221 520 391 555 nominum
415 519 458 553 de
481 518 624 552 Astulfis
647 520 813 552 notarium
837 519 943 552 filium
968 520 1096 553 domini
1121 519 1305 560 Guillelmi‚
1330 530 1430 554 suum
1455 523 1615 555 nuncium
1640 523 1825 564 specialem
1843 525 1886 557 ad
1905 534 2046 566 presen-

221 582 361 622 tandum
384 590 428 615 ex
453 583 547 623 parte
571 581 682 623 ipsius
706 582 833 614 domini
858 582 1121 615 subexecutoris
1146 584 1179 615 et
1202 583 1245 615 ad
1270 583 1467 624 petitionem
1491 584 1603 618 fratris
1629 584 1739 619 Rufini
1764 586 1807 619 de
1832 585 2046 629 Bassignana

220 643 333 679 fratris
355 645 389 677 et
412 642 538 676 Prioris
563 641 763 677 Conventus
799 645 832 676 et
871 642 1011 677 Ordinis
1049 644 1188 677 fratrum
1225 644 1447 678 Eremitarum
1487 647 1595 679 sancti
1636 647 1817 690 Augustini
1858 650 2046 690 papiensis,

222 706 406 740 venerabili
431 705 504 738 viro
527 705 618 738 fratri
644 705 768 747 Iacopo
793 705 918 738 Abbati
951 708 984 739 et
1020 707 1142 739 ceteris
1182 705 1367 740 Canonicis
1407 708 1607 742 Monasterii
1649 708 1763 743 Sancti
1789 710 1878 743 Petri
1905 711 1937 743 in
1963 710 2048 745 Celo

221 766 335 803 Aureo
361 768 548 810 papiensis,
561 767 794 810 infrascriptas
819 768 947 801 litteras
973 769 1083 810 ipsius
1100 769 1227 801 domini
1246 770 1509 804 subexecutoris
1526 771 1628 813 sigilli
1647 772 1871 814 impressione
1890 774 2046 806 munitas.

223 830 264 865 Et
286 830 412 864 ibidem
436 830 549 863 dictus
574 829 775 869 lacominus,
800 831 946 863 nuncius
971 832 1007 863 ut
1032 831 1234 872 premittitur
1259 832 1475 872 constitutus,
1494 834 1616 866 iuravit
1640 834 1683 866 ad
1709 836 1827 867 sancta
1853 834 1915 868 Dei
1935 835 2047 868 Evan-

146 875 171 929 {f
218 892 320 936 gelia,
344 892 520 934 scripturis
545 901 606 934 per
629 901 705 925 eum
731 892 952 934 corporaliter
968 901 1069 925 manu
1086 893 1196 933 tactis,
1214 895 1247 926 et
1263 894 1358 935 prius
1376 895 1405 927 ei
1424 898 1637 928 sacramento
1655 896 1768 930 delato
1790 906 1850 939 per
1874 898 2047 930 dominum

221 955 505 988 subexecutorem
530 954 730 996 predictum,
755 954 850 996 ipsas
876 954 1004 988 litteras
1028 955 1158 988 eisdem
1184 955 1322 988 domino
1340 955 1464 989 Abbati
1488 959 1520 990 et
1545 956 1730 991 Canonicis
1747 959 1891 992 fideliter
1908 969 2049 1001 presen-

220 1018 292 1059 tare
315 1018 348 1050 et
371 1016 460 1050 dicte
485 1016 748 1058 presentationis
774 1016 970 1049 relationem
995 1016 1118 1057 facere,
1132 1018 1223 1050 omni
1242 1017 1322 1050 dolo
1339 1020 1372 1051 et
1388 1018 1506 1052 fraude
1525 1021 1673 1053 remotis.
1692 1019 1843 1059 Quarum
1862 1022 2045 1055 litterarum

220 1081 318 1113 tenor
339 1079 493 1121 sequitur
517 1079 549 1111 in
575 1079 638 1112 hac
662 1079 788 1112 forma:

138 1179 154 1192 η’
178 1132 179 1135 ’
309 1141 486 1174 Montinus
509 1141 552 1174 de
578 1140 756 1183 Butigellis
780 1140 1052 1175 Archidiaconus
1077 1142 1254 1184 papiensis
1272 1145 1304 1175 et
1329 1143 1561 1176 subexecutor
1585 1145 1768 1186 deputatus
1793 1155 1812 1179 a
1830 1147 2044 1180 reverendis-

141 1190 180 1244 2:3⁷
221 1204 310 1238 simo
334 1203 366 1236 in
391 1201 528 1237 Christo
552 1205 646 1245 patre
671 1205 704 1236 et
734 1204 874 1236 domino
906 1204 1045 1237 domino
1081 1204 1268 1238 Bertrando
1305 1206 1521 1239 miseratione
1558 1207 1674 1240 divina
1711 1206 1833 1241 Sancte
1870 1209 1979 1242 Marie
2015 1210 2047 1242 in

221 1265 382 1308 Aequitio
406 1265 552 1298 diacono
576 1265 758 1305 cardinale,
783 1266 1024 1299 archidiacono
1049 1265 1233 1309 Sygalonie
1251 1267 1283 1299 in
1301 1267 1448 1300 ecclesia
1466 1267 1714 1310 Aurelianensi‚
1739 1272 1922 1303 executore
1941 1271 2050 1313 depu-

116 1315 118 1318 ⁵
139 1313 180 1359 2³
221 1329 292 1362 tato
315 1327 462 1370 generali
487 1326 594 1360 Priori
621 1327 794 1361 Fratribus
818 1330 851 1361 et
875 1327 1068 1362 Conventui
1094 1329 1340 1362 Heremitarum
1373 1329 1487 1363 Sancti
1513 1330 1695 1373 Augustini
1721 1342 1740 1365 a
1765 1331 1989 1366 Sanctissimo
2015 1335 2048 1366 in

191 1412 199 1416 >
218 1388 358 1425 Christo
381 1391 475 1432 patre
499 1391 533 1423 et
556 1390 695 1423 domino
718 1391 858 1423 domino
883 1391 1031 1424 Iohanne
1056 1391 1160 1434 digna
1177 1391 1240 1425 Dei
1263 1393 1479 1434 providentia
1497 1396 1717 1427 sacrosancte
1736 1404 1873 1428 romane
1892 1395 2046 1429 Ecclesie

136 1439 163 1495 j³
218 1460 358 1487 vsummo
381 1451 556 1492 Pontifice‚
585 1454 686 1494 prout
709 1453 743 1485 in
768 1453 877 1486 littera
905 1454 1016 1496 ipsius
1055 1455 1263 1488 sanctissimi
1289 1456 1406 1497 patris,
1439 1457 1514 1489 eius
1539 1466 1620 1489 vera
1660 1457 1752 1490 bulla
1777 1458 1916 1498 bullata,
1942 1458 2050 1491 lacius

165 1504 170 1506 Ἴ
191 1534 195 1536 v
219 1515 411 1549 continetur
433 1516 466 1548 et
490 1515 523 1547 in
547 1524 714 1557 processu
739 1516 850 1557 ipsius
875 1517 1150 1550 reverendissimi
1175 1518 1283 1559 patris
1307 1518 1435 1551 domini
1465 1518 1642 1552 Bertrandi
1675 1520 1811 1561 plenius
1847 1521 2047 1560 continetur,

221 1577 405 1611 venerabili
430 1577 503 1610 viro
527 1578 667 1610 domino
691 1578 782 1611 fratri
809 1578 933 1620 lacopo
958 1578 1083 1612 Abbati
1108 1578 1295 1613 Canonicis
1319 1582 1351 1613 et
1383 1579 1577 1614 Conventui
1606 1580 1720 1615 Sancti
1763 1582 1852 1615 Petri
1893 1583 1925 1615 in
1963 1582 2048 1616 Celo

139 1633 166 1654 ’ξ
220 1648 324 1674 aureo
347 1640 524 1682 papiensis
549 1640 692 1673 salutem
718 1641 751 1673 in
776 1640 934 1674 Domino.
959 1641 1132 1675 Noveritis
1157 1643 1250 1684 quod
1275 1643 1376 1676 nobis
1400 1652 1462 1685 per
1486 1644 1715 1677 venerabilem
1741 1645 1849 1677 virum
1875 1645 2048 1678 dominum

219 1701 354 1735 fratrem
379 1701 536 1737 Rufinum
561 1702 604 1736 de
628 1702 844 1745 Bassignana
868 1704 1014 1745 priorem
1039 1702 1240 1738 Conventus
1267 1705 1418 1738 Fratrum
1455 1705 1701 1740 Heremitarum
1726 1705 1841 1740 Sancti
1867 1707 2049 1750 Augustini

221 1763 408 1806 papiensis,
433 1765 568 1798 nomine
593 1774 657 1798 suo
681 1767 714 1798 et
738 1766 874 1799 nomine
900 1766 1010 1808 ipsius
1035 1765 1247 1807 Conventus,
1271 1767 1333 1801 fuit
1358 1770 1515 1810 porrecta
1539 1769 1657 1810 petitio
1693 1770 1821 1802 tenoris
1846 1770 2050 1812 infrascripti

213 1825 399 1860 videlicet:

309 1886 432 1923 Coram
457 1889 558 1923 vobis
582 1887 692 1931 (come
715 1890 770 1923 nel
793 1890 988 1924 documento
1012 1892 1224 1926 antecedente
1247 1894 1321 1926 sino
1345 1903 1367 1926 α
1391 1893 1514 1927 melius
1538 1892 1709 1936 possum).

143 1993 155 1998 μή
309 1949 422 1990 Quare
446 1953 646 1986 auctoritate
671 1953 704 1985 in
730 1953 793 1986 hac
818 1955 913 1995 parte
938 1955 1039 1988 nobis
1064 1956 1260 1995 commissa,
1285 1956 1386 1989 vobis
1411 1957 1634 1998 precipiendo
1659 1957 1861 1991 mandamus
1898 1958 1962 1990 sub
1988 1967 2050 1991 ex-

132 2011 161 2043 >²
217 2013 537 2048 communicationis
561 2023 661 2056 pena,
686 2017 856 2057 quatenus
881 2016 966 2050 infra
990 2019 1059 2050 tres
1083 2017 1159 2051 dies
1183 2015 1235 2059 (1)
1259 2019 1415 2060 proxime
1441 2021 1604 2052 venturos
1636 2028 1656 2052 a
1684 2021 1943 2061 presentacione
1976 2030 2053 2062 pre·

134 2075 165 2122 'j
220 2075 374 2109 sericium
398 2077 639 2117 numerandos,
664 2078 820 2111 debeatis
844 2080 1044 2113 vendidisse
1069 2082 1102 2113 et
1118 2081 1302 2114 tradidisse
1319 2081 1473 2123 predicta
1491 2082 1629 2115 brachia
1646 2083 1798 2124 quinque
1817 2083 1918 2115 dictis
1943 2082 2049 2115 Priori

218 2138 256 2171 et
277 2137 437 2171 fratribus
461 2137 575 2172 Sancti
601 2138 782 2182 Augustini
808 2141 899 2174 iusto
923 2142 1039 2184 precio
1062 2143 1228 2176 tassando
1253 2152 1314 2185 per
1338 2143 1520 2176 Iohannem
1546 2143 1764 2177 Trabuchum
1783 2147 1815 2177 et
1833 2144 2049 2177 lacomollum

147 2202 161 2213 ⁴
219 2197 456 2234 Maxenarium
481 2204 644 2243 expertos
668 2203 711 2235 ad
737 2203 802 2236 hoc
827 2204 1022 2245 specialiter
1046 2205 1175 2238 electos
1200 2207 1232 2239 et
1249 2215 1338 2247 quos
1363 2206 1533 2248 eligimus.

139 2302 144 2309 ι
312 2260 346 2295 In
371 2271 514 2304 quorum
540 2265 690 2297 omnium
715 2266 946 2299 testimonium
971 2269 1150 2308 presentes
1173 2268 1245 2301 fieri
1270 2268 1416 2302 fecimus
1433 2271 1466 2302 et
1482 2269 1584 2311 sigilli
1611 2270 1716 2302 nostri
1742 2270 1967 2311 impressione
1997 2278 2050 2301 ro-

155 2324 163 2371 ς
219 2322 343 2358 borari.
368 2323 456 2358 Data
481 2325 587 2368 Papie
612 2327 645 2359 in
670 2328 755 2360 atrio
780 2328 926 2362 ecclesie
951 2328 1067 2363 Sancti
1093 2329 1182 2363 Petri
1209 2331 1242 2363 in
1267 2331 1342 2364 celo
1367 2341 1471 2365 aureo
1496 2332 1684 2374 papiensis,
1710 2332 1764 2365 die
1790 2332 1924 2365 decimo
1957 2341 2049 2364 nono

130 2374 169 2423 ,³st
223 2387 350 2420 mensis
374 2389 501 2428 marcii,
526 2388 712 2423 Millesimo
736 2392 974 2425 tercentesimo
999 2393 1286 2436 quinquagesimo
1310 2396 1444 2434 octavo,
1470 2395 1654 2428 indictione
1680 2395 1869 2427 undecima.

311 2448 351 2483 Et
375 2450 453 2484 inde
477 2451 520 2484 de
545 2452 708 2493 predictis
733 2453 892 2487 omnibus
917 2456 950 2487 et
974 2455 1120 2498 singulis
1145 2456 1257 2489 dictus
1282 2455 1442 2490 dominus
1467 2456 1739 2490 Archidiaconus
1765 2457 1996 2490 subexecutor
2013 2459 2049 2490 ut

139 2509 140 2512 ’
173 2512 178 2514 ”
222 2519 327 2554 supra
350 2514 383 2546 et
407 2513 520 2548 dictus
546 2514 748 2556 lacominus,
774 2518 809 2549 ut
834 2516 1020 2550 referantur
1044 2518 1190 2561 syngula
1215 2519 1381 2562 syngulis‚
1408 2520 1581 2552 iusserunt
1605 2522 1637 2552 et
1662 2521 1866 2562 rogaverunt
1883 2520 1953 2552 fieri
1973 2529 2049 2561 pre-

225 2582 306 2608 sens
330 2575 504 2617 publicum
529 2577 788 2611 instrumentum
813 2588 874 2620 per
898 2588 950 2612 me
976 2579 1170 2622 Roglerium
1196 2579 1428 2623 Strazapatam
1455 2582 1632 2614 notarium.
1670 2581 1892 2615 Presentibus
1928 2581 2047 2615 Berto-

124 2684 128 2685 ⁷
222 2635 291 2670 lino
315 2637 420 2672 Torto
442 2639 513 2672 filio
537 2641 710 2682 quondam
735 2639 942 2682 Princivalli,
967 2641 1141 2676 Bertolino
1165 2643 1294 2676 Bozulo
1318 2644 1388 2676 filio
1425 2643 1584 2677 Iohannis
1609 2646 1641 2677 et
1671 2643 1806 2677 Perollo
1843 2644 2048 2677 Maxenario

142 2686 147 2689 ⁴
188 2711 190 2713 ’
222 2699 292 2734 filio
316 2699 502 2735 Abramolli
527 2703 675 2736 testibus
699 2703 742 2736 ad
767 2704 922 2745 predicta
945 2706 1088 2738 vocatis.

310 2807 448 2843 Eisdem
472 2819 562 2844 anno
587 2812 620 2844 et
645 2811 827 2851 indicione,
852 2812 918 2852 die,
948 2813 1030 2846 hora
1054 2815 1087 2846 et
1112 2813 1189 2847 loco
1229 2815 1483 2856 suprascriptis.
1525 2814 1559 2847 ln
1585 2816 1763 2857 presencia
1803 2816 1883 2849 dicti
1915 2816 2043 2848 domini

224 2868 366 2904 Montini
390 2871 433 2905 de
457 2871 637 2915 Butigellis
661 2874 891 2907 archidiaconi
917 2876 950 2908 et
973 2875 1237 2909 subexecutoris
1262 2878 1298 2909 ut
1322 2885 1426 2918 supra
1443 2877 1643 2910 continetur:
1661 2878 1836 2919 predictus
1854 2878 2046 2912 lacominus

277 3025 309 3054 (1)
321 3027 354 3051 La
366 3028 536 3057 eolleeltudlne,
550 3035 595 3053 eon
609 3030 646 3053 cni
656 3030 671 3052 ll
681 3030 854 3054 Subesecutore
868 3031 1001 3058 apostolico
1015 3032 1104 3059 prende
1157 3032 1179 3054 la
1193 3032 1310 3055 necessita
1325 3035 1431 3061 urgente,
1445 3034 1468 3056 ln
1483 3034 1520 3057 cui
1534 3035 1565 3062 gn
1579 3035 1725 3062 Agostlnlani
1739 3035 1760 3058 si
1774 3036 1904 3059 trovnvano
1925 3042 1967 3064 per
1988 3043 2042 3064 pro-

226 3075 242 3094 ι
253 3076 324 3095 cuore
337 3072 360 3095 Ιι
373 3072 490 3096 domanda
503 3073 564 3102 degli
578 3074 733 3103 Agostinlanl,
748 3081 761 3098 e
770 3075 793 3098 la
807 3075 898 3098 brevit&
908 3075 945 3098 del
956 3077 1036 3103 tempo
1050 3082 1104 3099 con-
1157 3077 1241 3099 cedere
1255 3077 1315 3099 nella
1329 3077 1424 3101 lnlzlata
1438 3077 1551 3107 rabbi-ica,
1566 3085 1579 3102 e
1593 3079 1615 3102 la
1629 3079 1740 3107 glustizia
1754 3079 1815 3103 della
1829 3081 1880 3103 loro
1895 3081 2012 3104 richlesta.

225 3119 295 3139 eaeo
307 3115 330 3139 nl
344 3116 478 3141 Latet-enee!
491 3124 534 3146 per
547 3119 670 3142 eliettuare
684 3119 706 3143 la
719 3120 823 3148 imposta
837 3120 940 3147 vendita,
964 3126 1070 3148 provano
1091 3126 1104 3143 e
