2496 3600
1947 267 1991 299 29

265 397 512 432 Discretionem
525 396 627 439 igitur
638 398 786 429 vestram
803 397 927 429 attente
942 396 1154 438 requirimus,
1167 405 1355 435 monemus,
1373 405 1532 438 rogamus
1549 398 1581 429 et
1598 397 1769 430 hortamur
1789 398 1821 430 in
1835 397 1993 438 Domino,

175 470 239 505 per
249 459 438 503 apostolica
451 459 690 501 vobisscripta
707 459 918 498 mandantes,
934 460 1102 500 quatenus
1119 467 1181 500 pro
1198 458 1313 491 divina
1330 461 1363 491 et
1375 459 1563 500 apostolice
1591 460 1684 492 sedis
1712 469 1751 493 ac
1769 463 1883 493 nostra
1900 470 1996 493 reve—

175 523 294 563 rentia,
308 522 351 556 de
364 521 558 554 huiusmodi
583 522 774 554 nostrorum
799 520 1044 553 interventione
1062 520 1283 562 rogaminum,
1302 520 1434 553 Fratres
1463 521 1542 553 dicti
1571 519 1710 553 Ordinis
1739 521 1994 561 Heremstarum,

173 586 236 629 'qui
261 585 356 618 iuxta
379 584 580 626 premissam
597 583 843 616 ordinationem
868 584 1016 615 nostram
1041 582 1124 614 inibi
1147 582 1270 615 fuerint
1294 583 1457 624 deputati,
1482 583 1628 624 benigne
1652 583 1855 624 recipientes
1879 586 1911 616 et
1936 584 1997 616 ho-

174 648 274 680 'neste
297 647 490 686 tractantes,
515 645 548 678 in
572 644 686 686 aliqua
710 645 804 686 parte
830 644 1034 685 competenti
1059 644 1224 676 dictarum
1250 644 1494 676 habitationum
1531 646 1717 677 vestrarum
1743 645 1853 686 ipsius
1882 654 1998 678 mona-

175 709 270 743 ?sterii
295 707 478 749 recipiatis,
510 706 651 740 eosdem
676 708 708 739 et
732 706 865 739 sincera
889 706 922 738 in
955 704 1103 738 Domino
1139 706 1300 738 charitate
1336 706 1487 738 tractetis
1523 715 1563 739 ac
1600 706 1696 748 ipsos
1731 706 1928 739 concedatis
1963 707 1996 739 iri

175 772 273 814 *parte
298 769 492 803 huiusmodi
517 769 679 808 habitare,
703 768 812 801 donee
837 767 902 810 ipsi
928 767 970 800 de
1003 767 1209 800 habitatione
1245 777 1395 810 congrua
1427 768 1521 800 iuxta
1557 768 1699 801 eandem
1735 768 1926 807 ecclesiam,
1963 770 1998 801 ut

173 841 285 874 supra
308 832 440 871 dicitur,
465 831 530 864 sibi
555 831 714 864 duxerint
738 830 998 872 providendum.
1025 828 1080 863 Sic
1106 830 1219 871 itaque
1244 830 1277 862 in
1303 831 1365 863 hac
1390 832 1484 872 parte
1510 839 1573 863 vos
1591 831 1691 863 dictis
1709 831 1900 863 exhibeatis
1918 830 1997 863 Fra-

178 894 286 928 tribus
311 894 478 934 liberales,
503 893 670 936 propitios
694 894 727 925 et
751 893 929 935 benignos,
954 892 1046 934 quod
1073 892 1183 931 vobis,
1208 894 1319 934 preter
1343 894 1455 925 eterne
1495 893 1724 925 retributionis
1765 893 1928 934 premium
1965 894 1998 925 et

156 957 325 989 vhumane
349 955 654 989 commendationis
677 954 821 994 titulum,
846 963 865 987 a
889 954 990 987 nobis
1014 955 1047 987 et
1071 954 1190 987 eadem
1216 954 1297 987 sede
1334 954 1436 996 digna
1472 955 1647 996 perveniat
1682 955 1770 987 actio
1806 955 1997 996 gratiarum.

175 1017 256 1052 Dat.
282 1017 468 1058 Avenione,
493 1017 549 1050 XII
575 1017 739 1051 kalendas
763 1017 858 1056 Maii,
883 1016 1106 1050 Pontificatus
1131 1017 1236 1050 nostri
1262 1026 1351 1049 anno
1376 1018 1567 1050 undecimo.

1025 1271 1170 1312 XIII.

269 1383 299 1413 11
323 1383 446 1413 Priore
470 1382 644 1412 Generale
669 1381 869 1419 Guglielmo
894 1381 939 1410 da
964 1380 1138 1411 Cremona
1162 1380 1286 1418 delega
1310 1380 1359 1417 gli
1383 1380 1598 1418 agostiniani
1622 1380 1821 1409 Lanfranco
1854 1380 1899 1409 da
1930 1380 1998 1409 Mi-

181 1437 273 1476 lano,
298 1436 458 1466 Gerardo
481 1435 527 1466 da
551 1435 740 1472 Bergamo,
759 1434 925 1464 NieoIino
947 1434 1222 1464 d'Alessandria
1239 1443 1258 1463 e
1276 1433 1452 1463 Giovanni
1475 1433 1520 1463 da
1549 1433 1696 1463 Beziers
1726 1433 1771 1462 ad
1800 1433 2000 1470 acquistare

181 1498 266 1520 case
289 1498 308 1520 e
331 1493 424 1519 terre
449 1497 470 1519 a
494 1489 530 1519 S.
557 1488 677 1518 Pietro
701 1488 737 1517 in
761 1487 837 1517 ciel
862 1487 963 1517 d'oro
987 1484 1049 1529 (1),

823 1611 979 1644 1327,
998 1611 1255 1644 magg109
1275 1611 1354 1637 19.

693 1700 762 1726 (Bibl.
778 1700 845 1723 Unlv.
861 1700 941 1728 Pavla,
957 1700 1015 1723 Cod.
1031 1706 1053 1722 n.
1068 1701 1109 1722 428
1123 1711 1148 1715 -
1164 1700 1269 1727 Pergam.
1286 1700 1308 1722 di
1323 1699 1347 1722 S.
1362 1700 1494 1727 Agostino).

287 1886 336 2003 I
419 1905 450 1936 !N
474 1900 609 1933 nomine
633 1898 768 1932 Domini
794 1898 911 1932 Amen.
930 1897 1028 1931 Anno
1053 1899 1205 1931 eiusdem
1224 1898 1402 1931 millesimo
1418 1898 1646 1931 tricentesimo
1664 1899 1827 1931 vicesimo
1845 1899 2000 1940 septimo,

419 1937 422 2008 ι
447 1962 632 1996 Indictione
668 1962 810 2002 decima,
847 1962 974 1995 mensis
1010 1962 1087 1994 maii
1113 1961 1167 1994 die
1192 1961 1324 1994 decima
1348 1970 1452 2000 nona;
1478 1960 1699 1994 Pontificatus
1728 1959 1939 1994 Sanctissimi
1967 1961 1998 1992 in

419 2009 422 2066 Ῑ
448 2023 584 2059 Christo
609 2025 719 2058 Patris
743 2027 776 2058 et
800 2025 926 2057 domini
951 2024 1078 2057 domini
1105 2024 1262 2057 Iohannis
1286 2024 1402 2056 divina
1430 2023 1643 2065 providentia
1667 2032 1776 2065 papae
1809 2023 1896 2055 XXII
1914 2032 2003 2056 anno

183 2087 373 2120 undecimo.
399 2087 433 2120 In
457 2088 649 2130 praesentia
666 2088 730 2120 mei
755 2087 884 2120 Notarii
909 2088 941 2120 et
965 2087 1100 2120 testium
1126 2086 1210 2119 infra
1234 2087 1435 2128 scriptorum
1453 2086 1495 2118 ad
1510 2086 1574 2118 hoc
1599 2085 1790 2127 specialiter
1807 2087 2002 2118 vocatorum

182 2150 216 2182 et
240 2151 448 2192 rogatorum:
486 2149 707 2184 Reverendus
732 2150 764 2182 in
790 2148 927 2183 Christo
963 2149 1064 2182 Pater
1098 2148 1266 2181 Dominus
1302 2148 1416 2181 Frater
1440 2146 1630 2181 Guilelmus
1655 2148 1697 2180 de
1722 2146 1888 2180 Cremona
1913 2147 2004 2189 prior

182 2211 350 2254 generalis
374 2212 609 2245 heremitarum
634 2212 763 2245 ordinis
781 2212 888 2245 sancti
907 2211 1098 2254 Augustini,
1124 2211 1321 2243 auctoritate
1346 2219 1414 2252 qua
1437 2210 1641 2252 fungebatur
1672 2210 1751 2242 dicti
1777 2209 1889 2248 officii,
1914 2209 2003 2247 fecit,

183 2274 358 2307 constituit
381 2275 414 2307 et
437 2274 606 2307 ordinavit
630 2274 809 2316 religiosos
834 2275 867 2307 et
891 2274 1059 2307 discretos
1084 2274 1176 2306 viros
1201 2273 1358 2305 dominos
1389 2272 1508 2305 fratres
1533 2271 1777 2304 Lanfranchum
1803 2271 1844 2303 de
1870 2271 2003 2303 Medio-

185 2334 262 2368 lano
286 2344 381 2369 sacre
406 2337 529 2378 pagine
554 2336 793 2378 professorem,
818 2334 998 2369 Girardum
1023 2335 1065 2368 de
1091 2334 1256 2377 Pergamo
1282 2335 1391 2376 ipsius
1415 2343 1511 2366 sacre
1536 2334 1658 2375 pagine
1684 2333 1919 2371 baccalarium‚
1944 2332 2003 2364 Ni-

184 2397 331 2430 colinum
356 2398 398 2431 de
423 2397 630 2431 Alexandria
654 2398 813 2431 lectorem
839 2398 871 2430 in
898 2396 1000 2431 Curia
1025 2399 1057 2430 et
1082 2397 1261 2430 Iohannem
1279 2397 1321 2429 de
1339 2396 1487 2429 Bitteriis
1503 2393 1554 2436 (2)
1577 2397 1825 2437 procuratorem
1843 2395 1922 2427 dieti
1941 2393 2005 2427 Or-

183 2458 274 2493 dinis
299 2460 544 2500 heremitarum,
570 2469 653 2494 suos
678 2462 710 2493 et
735 2460 815 2493 dicti
852 2460 981 2492 ordinis
1017 2468 1118 2492 veros
1142 2461 1174 2492 et
1199 2459 1367 2501 legitimos
1403 2459 1650 2500 procuratores,
1683 2457 1866 2499 scyndicos
1891 2458 1923 2489 et
1947 2465 2004 2489 ac-

183 2523 276 2555 tores
310 2522 495 2564 quemlibet
531 2523 682 2565 ipsorum
719 2523 912 2562 insolidum,
939 2523 983 2555 ita
1008 2522 1100 2564 quod
1127 2531 1193 2554 non
1219 2522 1261 2554 sit
1286 2521 1404 2554 melior
1439 2520 1595 2553 condicio
1631 2519 1830 2560 occupantis
1855 2520 1886 2551 et
1911 2518 2003 2560 quod

186 2592 274 2617 unus
298 2593 413 2618 eorum
439 2585 602 2627 inceperit
626 2594 741 2618 eorum
759 2584 843 2618 alter
866 2585 1027 2626 prosequi
1053 2583 1164 2616 valeat
1181 2586 1213 2616 et
1236 2583 1341 2622 finire,
1367 2583 1409 2615 ad
1434 2582 1612 2614 emendum
1630 2583 1662 2613 et
1679 2589 1883 2622 quocunque
1907 2580 2004 2613 titulo

185 2646 429 2688 acquirendum
453 2656 473 2680 a
497 2656 703 2689 quocunque
728 2655 789 2680 seu
815 2647 1077 2688 quibuscunque
1102 2654 1249 2687 persona
1274 2645 1326 2677 vel
1353 2644 1508 2686 personis
1526 2643 1670 2685 collegio
1695 2642 1747 2675 vel
1774 2642 2003 2681 universitate,

186 2708 420 2742 ecclesiastico
445 2709 498 2742 vel
524 2709 679 2748 seculari,
705 2709 838 2748 domos,
864 2709 1032 2747 hedificia,
1058 2708 1162 2747 solos,
1188 2709 1290 2746 ortos,
1315 2709 1347 2739 et
1372 2715 1479 2745 areas,
1505 2714 1564 2738 seu
1590 2705 1744 2738 officinas
1780 2713 2002 2746 quascunque

187 2771 220 2804 et
243 2779 489 2813 quoscumque,
525 2780 587 2813 pro
623 2771 840 2804 hedificando
864 2773 896 2803 et
921 2770 1150 2803 construendo
1164 2770 1378 2807 conventum,
1396 2768 1517 2800 domos
1541 2769 1574 2799 et
1598 2775 1831 2808 quascumque
1849 2766 2004 2799 officinas

187 2833 221 2866 et
244 2832 471 2875 dependentia
495 2842 556 2866 seu
581 2833 779 2866 adherentia
803 2832 932 2865 eisdem
958 2833 1052 2864 iuxta
1077 2831 1315 2864 monasterium
1341 2839 1401 2863 seu
1427 2829 1614 2862 Ecclesiam
1639 2829 1746 2862 sancti
1773 2827 1860 2861 Petri
1880 2829 1912 2861 in
1930 2828 2005 2861 celo

244 2988 276 3016 (i)
289 2989 379 3016 Questo
393 2989 534 3012 documento
547 2989 572 3012 lu
587 2990 723 3017 pubblleato
737 2989 767 3012 da
782 2989 809 3012 Ο.
821 2989 928 3016 Bosism,
937 2988 994 3011 Doc.
1006 2988 1068 3010 med.
1124 2988 1239 3010 troviamo
1253 2986 1346 3012 notizle;
1357 2986 1379 3008 dl
1390 2985 1503 3008 Giovanni
1514 2985 1542 3008 de
1553 2985 1656 3013 mitens,
1667 2991 1681 3008 ο
1695 2985 1718 3007 di
1733 2985 1835 3012 Beziers,
1850 2986 2001 3012 procuratore

193 3034 259 3059 della
273 3034 360 3058 emesa
373 3034 469 3061 Fame,
484 3040 538 3062 pag.
552 3034 587 3062 61,
601 3039 645 3057 con
660 3034 780 3061 parecchle
794 3034 944 3056 inesattezze.
1125 3031 1231 3059 generale
1245 3030 1386 3053 dell'Ordlne
1400 3030 1540 3057 Eremnano,
1555 3030 1607 3052 καί
1622 3029 1878 3057 ERRERA,A1s.Agost.
1890 3035 1942 3057 pag.
1953 3029 2001 3056 463,

246 3078 278 3106 (D
291 3078 333 3102 Del
348 3079 415 3107 primi
429 3079 476 3102 due
489 3079 591 3107 religlosl
611 3078 720 3101 abeamo
734 3078 772 3106 gia
786 3078 861 3105 detto:
882 3077 919 3100 del
940 3078 1005 3100 terzo
1027 3082 1071 3099 non
1127 3082 1139 3098 e
1149 3075 1265 3102 ToneLu,
1279 3075 1326 3097 vol.
1340 3075 1368 3102 V,
1383 3080 1437 3102 pag.
1451 3075 1499 3097 472.
