2496 3600
1941 260 1984 293 23

123 415 126 422 ,
168 394 232 433 tas,
256 391 310 426 vel
334 391 436 425 alium
460 399 575 423 eorum
600 390 745 429 nomine,
770 389 906 431 publice
931 390 1210 423 excomunicatos
1234 389 1373 422 eosdem
1410 389 1613 423 denunciare
1638 392 1670 423 et
1694 391 1783 423 dicta
1808 391 1882 423 loca
1910 400 1986 432 pre-

169 454 334 489 dictorum
359 452 509 486 Fratrum
534 452 777 485 Heremitarum
802 460 880 484 esse
905 452 1085 492 supposita
1110 451 1345 484 ecclesiastico
1371 452 1558 485 interdicto.

259 515 338 549 ltem
363 515 391 548 si
417 515 617 556 contingerit
641 513 773 546 Fratres
798 513 970 555 predictos
995 513 1250 553 Heremitarum,
1275 513 1328 546 vel
1354 513 1501 555 aliquem
1526 523 1652 554 eorum,
1678 515 1730 547 vel
1756 515 1902 554 aliunde,
1928 525 1988 547 no-

171 578 259 612 mine
283 577 363 610 dicti
388 575 538 615 Ordinis,
555 563 775 617 ’impetratum
800 583 861 607 seu
886 583 1089 607 concessum
1126 575 1250 608 habere
1284 577 1389 608 ratum
1415 585 1454 608 ac
1480 575 1566 608 velle
1592 577 1638 609 uti
1664 576 1759 617 ipsis,
1796 577 1987 609 mandando

170 639 381 678 execucioni,
406 639 452 672 ita
475 637 605 671 scilicet
629 638 721 679 quod
747 638 906 670 intrarent
931 637 974 669 ad
999 637 1245 678 possidendum
1271 638 1464 670 monasterii
1505 638 1626 670 domos
1658 647 1718 671 seu
1748 639 1989 680 possessiones

171 704 287 737 contra
311 701 463 744 predicta
487 700 665 742 promissa,
690 699 800 732 solum
826 700 857 731 in
883 708 965 732 casu
984 700 1049 732 isto
1067 700 1237 732 incurrant
1254 709 1361 742 penas
1379 701 1470 742 quod
1489 701 1601 734 omnia
1618 703 1650 733 et
1667 701 1800 743 singula
1817 710 1877 742 per
1894 702 1990 742 ipsos

173 763 305 802 Fratres
329 763 518 796 Heremitas
541 762 709 804 acquisita
733 771 752 794 a
776 762 914 794 domino
939 761 1071 794 Abbate
1097 763 1129 794 et
1153 762 1244 794 dicto
1269 763 1473 795 monasterio
1498 761 1611 795 Sancti
1630 762 1730 802 Petri,
1744 764 1856 796 omnia
1873 766 1904 796 et
1922 764 1991 796 sin·

172 826 251 870 gula
275 825 408 858 edificia
430 825 593 858 fabricata
617 825 650 856 et
674 824 840 863 edificata,
865 832 926 856 seu
951 832 1017 864 que
1041 823 1197 856 fabricari
1223 826 1255 856 et
1279 824 1427 857 edificari
1461 825 1660 867 contingerit
1685 834 1744 866 per
1768 825 1878 858 dictos
1915 825 1993 858 Fra-

172 890 241 922 tres
265 887 453 920 Heremitas
477 895 581 928 super
603 886 804 919 territorium
829 886 1024 918 monasterii
1050 886 1202 927 predicti,
1228 886 1294 918 sint
1318 888 1350 918 et
1375 895 1452 919 esse
1477 887 1623 920 debeant
1649 887 1724 928 ipso
1748 887 1838 920 facto
1862 889 1894 920 et
1920 888 1990 920 iure

173 950 340 992 acquisita
364 951 397 982 et
420 949 637 991 acquirantur
660 948 751 981 dicto
776 948 914 980 domino
939 947 1063 980 Abbati
1089 950 1121 980 et
1146 946 1329 981 Canonicis
1363 949 1496 981 nomine
1533 949 1612 982 dicti
1650 950 1842 982 monasterii
1879 948 1992 983 Sancti

174 1011 275 1051 Petri,
300 1013 332 1044 et
356 1011 448 1053 quod
474 1013 614 1044 extunc
639 1011 725 1052 ipsis
749 1009 874 1042 Abbati
899 1012 931 1043 et
956 1008 1148 1043 Conventui
1173 1010 1253 1042 dicti
1279 1011 1471 1043 monasterii
1498 1009 1611 1044 Sancti
1637 1011 1725 1044 Petri
1752 1012 1849 1044 liceat
1874 1021 1988 1044 eorum

173 1074 371 1108 auctoritate
389 1073 525 1115 propria
542 1073 654 1106 omnia
671 1074 703 1106 et
720 1072 854 1114 singula
871 1072 1001 1114 ingredi
1019 1074 1051 1104 et
1069 1072 1325 1113 possessionem
1343 1073 1598 1114 apprehendere
1624 1073 1665 1106 de
1683 1073 1855 1114 predictis,
1880 1083 1988 1115 eaque

175 1138 288 1170 tenere
312 1138 345 1169 et
369 1135 550 1178 possidere¹
570 1137 741 1176 tamquam
766 1134 903 1176 propria
928 1134 1037 1175 ipsius
1062 1134 1256 1166 monasterii
1281 1136 1313 1166 et
1337 1135 1380 1167 ad
1406 1143 1465 1167 eos
1491 1135 1698 1176 pertinencia
1722 1135 1822 1176 pleno
1848 1136 1928 1168 iure.

265 1197 344 1230 Item
369 1197 461 1239 quod
486 1197 528 1230 de
553 1197 687 1230 comuni
713 1205 884 1229 consensu
909 1196 1069 1235 omnium,
1095 1197 1261 1228 statuatur
1284 1198 1316 1228 et
1341 1196 1513 1229 ordinetur
1541 1197 1632 1238 quod
1669 1197 1831 1239 quicquid
1868 1198 1996 1230 venerit

175 1259 219 1293 ad
244 1259 423 1293 ecclesiam
448 1259 590 1301 predicti
616 1259 809 1291 monasterii
835 1258 970 1291 racione
995 1258 1185 1291 oblacionis
1210 1258 1263 1290 vel
1289 1258 1369 1297 voti,
1395 1258 1448 1291 vel
1474 1259 1580 1291 eciam
1614 1260 1747 1292 racione
1772 1259 1899 1292 funeris
1935 1268 1995 1292 seu

177 1322 360 1364 sepulture,
385 1321 548 1363 quicquid
574 1321 607 1353 id
632 1321 686 1360 sit,
710 1321 886 1362 peccunia,
912 1320 1026 1362 panni,
1051 1321 1136 1360 ceni,
1161 1321 1239 1362 equi
1264 1317 1326 1361 (5),
1351 1323 1384 1354 et
1408 1330 1506 1353 omne
1531 1321 1622 1353 aliud
1645 1321 1739 1364 *quod
1772 1321 1921 1354 oblatum
1946 1321 1999 1353 fu-

177 1385 239 1418 erit
262 1393 367 1417 causa
391 1384 444 1416 vel
470 1383 590 1416 intuitu
607 1383 760 1416 eiusdem
785 1382 924 1422 funeris,
949 1384 1055 1415 totum
1073 1383 1116 1415 sit
1141 1391 1318 1415 commune
1344 1383 1435 1415 dicto
1460 1383 1597 1415 domino
1622 1382 1746 1416 Abbati
1771 1385 1803 1415 et
1828 1392 1890 1416 suo
1908 1382 1999 1416 Con-

178 1447 304 1487 ventui,
328 1455 368 1480 ac
393 1446 499 1479 eciam
524 1446 615 1479 dicto
640 1443 831 1479 Conventui
857 1445 1084 1487 predictorum
1111 1444 1260 1478 Fratrum
1286 1445 1540 1485 Heremstarum,
1566 1446 1610 1478 ita
1636 1447 1670 1477 ut
1695 1454 1755 1487 per
1778 1446 1924 1478 medium
1950 1446 1999 1478 in-

177 1511 228 1543 ter
251 1509 347 1551 ipsos
372 1508 552 1548 dividatur,
577 1509 609 1541 et
634 1508 667 1540 id
684 1507 742 1540 fiat
758 1508 801 1540 de
818 1507 908 1540 omni
927 1516 968 1540 eo
985 1507 1077 1549 quod
1095 1508 1317 1540 communiter
1333 1507 1386 1540 vel
1406 1508 1632 1540 indifferenter
1649 1507 1832 1541 dimittetur
1844 1508 1998 1547 ecclesie,

179 1580 246 1605 non
270 1571 477 1604 nominando
501 1571 627 1603 dictum
652 1570 826 1602 dominum
851 1569 1018 1602 Abbatem
1043 1571 1076 1602 et
1100 1567 1295 1603 Canonicos
1320 1579 1381 1602 nec
1415 1569 1546 1602 Fratres
1571 1570 1651 1602 dicti
1676 1569 1814 1602 Ordinis
1851 1569 2002 1602 Heremi-

179 1635 298 1673 tarum,
323 1635 355 1666 et
379 1633 443 1666 hoc
468 1633 542 1666 sive
567 1633 775 1674 relinquatur
798 1633 831 1664 in
855 1634 1068 1671 testamento,
1094 1632 1147 1665 vel
1173 1632 1270 1665 detur
1294 1641 1510 1674 quocumque
1535 1632 1601 1665 alio
1626 1632 1727 1664 modo
1745 1640 1805 1664 seu
1827 1632 1923 1664 titulo
1940 1641 2001 1673 per

179 1695 327 1729 medium
352 1695 437 1728 inter
461 1696 622 1737 utrosque
647 1694 819 1728 dividatur
836 1696 871 1727 ut
888 1694 1014 1727 dictum
1039 1696 1100 1727 est.
1126 1692 1340 1735 Quicumque
1365 1696 1476 1727 autem
1502 1693 1745 1733 contrafecerit,
1770 1694 2000 1730 subtrahendo

180 1759 309 1800 partem
333 1766 400 1800 que
424 1757 567 1790 debetur
591 1756 715 1790 Abbati
740 1759 773 1790 et
797 1755 982 1790 Canonicis
1006 1756 1086 1789 dicti
1111 1756 1316 1795 monasterii,
1342 1756 1395 1788 vel
1420 1765 1463 1789 ex
1488 1756 1553 1789 alia
1577 1758 1671 1798 parte
1696 1756 1942 1795 subtrahendo
1967 1756 2000 1788 id

181 1820 274 1863 quod
298 1820 441 1853 debetur
465 1819 648 1859 Fratribus,
673 1820 750 1861 ipso
774 1819 864 1852 facto
889 1819 1007 1852 reddat
1031 1818 1172 1860 duplum
1209 1818 1263 1851 ille
1299 1819 1356 1860 qui
1385 1818 1535 1858 offendit,
1567 1820 1599 1852 et
1628 1819 1656 1851 si
1685 1821 1737 1851 est
1757 1818 1922 1858 officialis,
1959 1818 2002 1851 ad

180 1882 383 1925 peticionem
419 1881 472 1915 vel
509 1882 709 1916 instanciam
753 1882 858 1923 partis
894 1890 960 1923 que
997 1881 1161 1922 reciperet
1197 1881 1350 1913 iniuriam
1387 1882 1419 1913 in
1453 1890 1487 1914 re
1524 1880 1662 1913 notabili
1699 1881 1772 1914 sive
1808 1881 2005 1922 dampnum,

181 1943 379 1978 absolvatur
402 1953 421 1977 a
445 1952 509 1977 suo
533 1943 657 1983 officio,
683 1945 715 1976 et
739 1944 768 1976 si
793 1945 844 1976 est
869 1943 911 1982 de
937 1942 1109 1976 Fratribus
1134 1941 1272 1976 Ordinis
1290 1943 1533 1976 Heremitarum
1550 1944 1747 1976 amoveatur
1763 1943 1805 1975 de
1823 1944 2003 1975 conventu.

181 2004 270 2045 Quia
293 2007 405 2039 tamen
430 2006 510 2039 dicti
535 2005 668 2039 Fratres
694 2005 862 2038 Heremite
888 2005 1013 2038 habent
1037 2005 1195 2038 edificare
1221 2005 1331 2037 locum
1357 2005 1507 2046 ipsorum
1532 2006 1564 2037 et
1588 2004 1837 2037 solum.vivere
1863 2004 1904 2037 de
1937 2004 2005 2036 ele-

182 2068 334 2108 mosinis,
359 2068 387 2101 si
424 2069 634 2110 contingeret
668 2068 797 2110 aliquid
822 2068 873 2101 eis
898 2068 1017 2100 dimitti
1043 2076 1104 2109 per
1127 2069 1375 2107 testamentum,
1401 2067 1457 2099 ubi
1491 2067 1556 2108 ipsi
1586 2066 1717 2100 Fratres
1754 2067 2005 2099 nominarentur

182 2131 216 2163 et
239 2139 306 2163 non
331 2129 450 2163 Abbas
475 2130 529 2163 vel
554 2128 730 2170 Canonici,
756 2130 941 2172 vel,eciam
967 2130 1126 2163 darentur
1150 2129 1322 2162 Fratribus
1347 2129 1509 2171 predictis
1533 2129 1716 2162 elemosine
1742 2138 1803 2170 pro
1836 2128 2003 2170 pitanciis,

183 2192 348 2234 septimis,
372 2192 563 2231 tricesimis,
588 2192 804 2232 annualibus,
829 2192 921 2234 quod
947 2192 1000 2225 vel
1026 2201 1092 2234 que
1117 2192 1276 2224 darentur
1300 2192 1344 2224 ita
1378 2191 1550 2224 Fratribus
1579 2191 1671 2232 quod
1708 2200 1774 2223 non
1811 2189 1934 2222 Abbati
1971 2192 2002 2222 et

184 2251 378 2294 Canonicis,
403 2254 447 2287 sit
470 2256 599 2287 tantum
617 2255 775 2296 ⁴ipsorum
801 2254 951 2287 Fratrum
977 2254 1231 2294 Heremitarum;
1256 2255 1288 2286 et
1313 2254 1341 2286 si
1367 2253 1556 2286 consimilia
1581 2253 1739 2285 darentur
1763 2253 1899 2284 domino
1929 2251 1998 2284 Ab-

185 2316 253 2349 bati
278 2318 311 2349 et
334 2314 529 2356 Canonicis,
555 2318 748 2350 remaneant
773 2316 882 2349 solum
908 2317 1045 2349 domino
1070 2315 1194 2349 Abbati
1219 2318 1252 2349 et
1276 2314 1460 2349 Canonicis
1485 2315 1517 2347 in
1543 2316 1681 2348 casibus
1706 2315 1831 2356 quibus
1856 2323 1968 2355 supra.

274 2377 352 2411 Item
377 2379 406 2412 si
431 2379 603 2425 contingat
627 2379 760 2421 aliquas
797 2378 1032 2421 indulgencias
1069 2378 1237 2420 impetrari
1263 2378 1315 2411 vel
1342 2378 1494 2416 concedi,
1520 2386 1580 2410 seu
1606 2377 1799 2418 impetratas
1836 2376 1888 2408 vel
1925 2385 2007 2408 con-

186 2448 304 2474 cessas
327 2440 399 2473 tore
423 2450 443 2473 a
468 2440 619 2475 Romana
643 2439 756 2480 Curia,
782 2441 855 2474 sive
881 2441 1154 2482 quibuscumque
1179 2440 1254 2473 aliis
1287 2439 1440 2479 prelatis,
1477 2440 1610 2472 racione
1647 2447 1786 2480 quarum
1824 2437 2001 2479 indulgen—

186 2502 312 2541 ciarum
336 2502 450 2544 aliqua
474 2503 655 2536 afferantur
672 2503 724 2536 vel
754 2503 946 2542 offerantur,
972 2503 1004 2535 id
1030 2504 1135 2535 totum
1161 2503 1203 2535 sit
1228 2511 1416 2541 commune,
1443 2504 1477 2534 ut
1502 2501 1626 2534 dictum
1663 2502 1714 2533 est
1750 2500 1853 2541 prius,
1879 2502 1910 2532 et
1936 2500 2000 2533 hoc

187 2564 260 2598 sive
284 2566 506 2606 procurentur
529 2565 582 2598 vel
608 2567 786 2607 procurate
811 2566 878 2598 sint
902 2574 921 2598 a
946 2565 1084 2597 domino
1108 2564 1240 2597 Abbate
1266 2566 1297 2597 et
1322 2562 1516 2602 Canonicis,
1542 2564 1614 2596 sive
1640 2572 1659 2595 a
1685 2562 1856 2595 Fratribus
1885 2562 1937 2594 vel
1963 2562 2006 2594 ab

187 2626 264 2660 aliis
287 2627 571 2669 quibuscumque,
596 2628 730 2660 nomine
756 2629 788 2660 et
813 2628 887 2660 vice
912 2627 1150 2668 predictorum.
1451 2660 1453 2664 ,

277 2688 356 2722 Item
381 2690 553 2723 ordinetur
577 2690 798 2722 communiter
821 2689 913 2730 quod
939 2689 1095 2728 ecclesia,
1120 2689 1176 2721 ubi
1202 2689 1353 2721 divinum
1379 2688 1525 2720 officium
1559 2687 1746 2719 celebratur
1777 2686 2007 2725 communiter,

188 2758 249 2792 per
282 2751 421 2789 eosdem
458 2752 624 2784 reficiatur
648 2753 680 2784 et
705 2751 962 2792 reccoperiatur,
988 2753 1023 2784 ut
1047 2751 1146 2783 fuerit
1182 2752 1395 2792 oportunum,
1421 2749 1583 2790 expensis
1608 2748 1854 2787 communibus,
1879 2747 2010 2780 scilicet

103 2859 106 2866 ,
153 2819 155 2822 ’
186 2797 316 2845 >domini
341 2812 485 2846 Abbatis
510 2815 542 2846 et
566 2812 815 2846 Canonicorum
852 2822 913 2854 pro
949 2813 1138 2852 medietate,
1163 2821 1202 2845 ac
1239 2812 1388 2844 Fratrum
1425 2812 1574 2852 ipsorum
1611 2819 1672 2852 pro
1707 2810 1772 2843 alia
1809 2810 2008 2855 medietate-z

192 2873 279 2907 idem
303 2875 346 2908 de
370 2875 561 2917 campanili.

280 2935 359 2970 ltem
384 2938 463 2979 quia
488 2937 646 2970 dominus
671 2936 789 2970 Abbas
814 2946 879 2969 non
906 2937 1007 2969 habet
1032 2936 1120 2969 idem
1145 2935 1291 2968 officium
1325 2944 1399 2967 curn
1437 2934 1619 2973 Fratribus,
1644 2935 1672 2967 si
1698 2934 1855 2967 dominus
1892 2933 2009 2966 Abbas

249 3092 279 3119 (5)
293 3093 350 3116 Vedl
366 3099 407 3121 per
421 3099 454 3116 es.
470 3094 485 3116 il
499 3094 640 3117 documento
654 3094 668 3117 6
682 3095 764 3117 Marzo
781 3094 838 3117 1371.
