2488 3580
1937 274 2014 301 XXV

202 393 276 430 Ciel
301 394 334 429 d'
348 404 418 435 oro,
443 396 506 428 che
530 404 626 429 come
651 397 794 437 patrono
818 395 983 438 eleggeva
1007 397 1048 430 ed
1074 398 1267 431 immetteva
1292 400 1324 431 in
1350 408 1516 440 possesso
1540 400 1562 432 il
1587 399 1798 442 Cappellano
1834 402 1922 435 della
1948 413 2016 436 me-

200 467 342 500 desima.
367 466 552 500 Valendosi
576 467 610 499 di
635 468 756 508 questa
780 467 1021 509 giurisdizione
1047 468 1066 500 l’
1080 469 1203 502 abbate
1230 469 1354 510 Ulrico,
1380 471 1453 510 che,
1479 479 1516 504 se
1540 471 1584 504 da
1609 481 1675 504 una
1711 474 1805 514 parte
1838 474 1967 506 vedeva
1994 475 2014 506 il

200 538 321 581 rapido
345 537 511 571 decadere
535 537 568 570 di
594 536 627 571 S.
653 537 814 578 Adriane,
839 538 918 571 dall'
933 539 1017 572 altra
1041 549 1097 572 era
1123 541 1322 583 orgoglioso
1347 541 1436 574 della
1460 551 1523 575 sua
1547 542 1695 576 Basilica
1721 544 1840 576 risorta
1865 554 1884 577 a
1901 554 2014 578 nuovo

199 609 393 661 splendore,
417 609 584 651 provvide
608 618 628 642 a
651 609 792 652 togliere
816 596 904 642 dalle
930 611 1063 643 antiche
1087 612 1200 645 tombe
1226 613 1234 644 i
1260 613 1352 654 corpi
1378 613 1432 645 dei
1458 622 1492 646 re
1525 613 1730 655 Ansprando
1755 623 1772 647 e
1798 615 2015 656 Liutprando,

197 689 216 714 e
239 689 260 713 a
283 680 344 714 dar
368 680 440 713 loro
464 680 638 722 sepoltura
674 681 836 714 onorifica
860 681 892 713 in
919 680 951 714 S.
978 680 1101 714 Pietro.
1128 682 1333 725 Ansprando
1369 684 1404 716 fu
1441 684 1605 717 tumulato
1630 685 1662 717 in
1688 686 1745 727 pin
1771 686 1926 719 modesto
1962 696 2016 719 se-

197 751 326 795 polcro,
365 732 494 792 edorno
534 751 624 784 della
663 752 852 794 iscrizione,
892 753 954 785 che
995 753 1202 795 Liutprando
1241 764 1351 788 aveva
1386 755 1469 788 fatto
1509 756 1676 789 collocare
1703 757 1734 788 in
1761 766 1824 790 suo
1849 767 1952 790 onore
1981 759 2013 790 in

197 821 232 857 S.
257 822 407 856 Adriano
423 820 496 864 (l);
533 822 740 864 Liutprando
764 822 799 855 fu
824 823 969 864 deposto
995 824 1027 856 in
1053 834 1096 856 un
1134 825 1319 865 mausoleo,
1356 827 1418 859 che
1444 827 1452 859 i
1478 828 1616 860 cronisti
1653 829 1771 869 pavesi
1804 829 2013 861 descrissero

198 882 295 928 come
327 893 511 927 «·un’arca
535 903 638 936 sopra
662 879 796 936 quattro
821 894 987 928 colonette
1013 895 1046 927 di
1073 905 1210 936 marmo,
1236 906 1297 929 con
1324 897 1354 930 la
1380 907 1442 930 sua
1467 898 1578 940 effigie
1611 899 1742 941 dipinta
1766 900 1798 931 in
1824 900 1939 932 habito
1965 909 2015 932 re-

71 963 89 1005 ³³.
194 966 283 1009 gale,
307 966 374 1000 alla
410 975 486 999 man
523 966 637 999 destra
673 965 894 999 dell'entrata
931 966 983 999 nel
1017 965 1225 1000 Confessore
1250 982 1263 995 »
1287 966 1347 1010 (2).
1374 969 1422 1001 Fu
1448 978 1508 1010 per
1531 979 1612 1003 cura
1647 970 1725 1003 dell’
1740 971 1863 1004 abbate
1900 971 2014 1004 Ulrico

196 1037 259 1071 che
275 1029 315 1070 *al
340 1046 455 1070 nuovo
480 1037 638 1079 sepolcro
663 1037 698 1069 fu
723 1039 870 1078 apposta
895 1037 926 1069 la
951 1040 1114 1079 seguente
1139 1039 1311 1080 epigrafe:

694 1141 831 1172 Flavius
853 1142 917 1179 hoc
939 1143 1070 1172 tumulo
1094 1142 1320 1182 Liutprandus
1343 1144 1512 1180 conditur,
1533 1145 1614 1176 olim

651 1200 951 1238 Langobardorum
975 1208 1036 1231 rex
1059 1200 1216 1239 inclytus,
1240 1210 1321 1232 acer
1344 1201 1377 1231 in
1401 1202 1504 1232 armis

653 1259 695 1287 Et
717 1257 805 1288 bello
827 1257 949 1289 victor.
971 1257 1122 1288 Sutrium
1149 1260 1250 1297 atque
1273 1259 1425 1290 Bononia
1448 1260 1585 1290 firmant

652 1316 723 1346 Hoc
746 1317 781 1346 et
801 1314 1001 1352 Ariminum,
1024 1324 1087 1346 nec
1110 1325 1176 1347 non
1200 1316 1325 1347 invicta
1350 1317 1480 1357 Spoleti

650 1372 794 1410 Moenia;
816 1382 962 1413 namque
985 1373 1048 1404 sibi
1070 1374 1156 1405 haec
1178 1374 1323 1406 subiecit
1344 1375 1468 1406 sortior
1489 1376 1602 1407 armis.

652 1433 760 1463 Roma
781 1441 860 1463 suas
881 1431 973 1463 vires
997 1432 1197 1472 iampridem
1220 1434 1286 1464 hoc
1308 1433 1416 1465 milite
1439 1435 1545 1465 multo

656 1490 799 1521 Obsessa
820 1490 970 1529 expavit;
992 1491 1114 1521 deinde
1136 1493 1311 1522 tremuere
1333 1492 1469 1523 feroces

653 1549 766 1587 Usque
789 1548 973 1579 sarraceni
994 1558 1078 1588 quos
1100 1548 1240 1589 dispulit
1262 1549 1417 1589 impiger,
1440 1550 1523 1590 ipso,

659 1608 741 1636 Cum
763 1608 961 1645 premerent
983 1607 1107 1643 Gallos,
1130 1608 1254 1638 Karolo
1276 1610 1439 1647 poscente
1463 1608 1583 1639 iuvari.

652 1666 820 1703 Ungarus‚
842 1674 862 1695 a
884 1665 956 1695 solo
978 1665 1043 1696 hoc
1066 1665 1201 1696 adiutus
1224 1667 1376 1696 Francus
1399 1668 1434 1697 et
1456 1675 1574 1698 omnes

653 1721 765 1753 Vicini
787 1724 886 1762 grata
907 1723 1075 1762 degebant
1097 1732 1182 1762 pace
1204 1732 1266 1763 per
1287 1725 1401 1755 urbes.

653 1783 747 1820 Rege
769 1782 829 1811 sub
851 1781 917 1812 hoc
939 1780 1044 1818 fulsit,
1066 1782 1155 1820 quod
1178 1781 1302 1812 mirum
1324 1784 1385 1819 est,
1408 1784 1527 1813 sancta
1548 1783 1777 1823 frequensque

655 1837 797 1878 Religio,
820 1841 858 1869 ut
879 1839 1038 1870 recolunt
1060 1839 1164 1879 alpes,
1186 1839 1334 1870 ecclesia
1357 1840 1500 1879 quarum

656 1898 750 1927 Hanc
773 1896 892 1928 habuit
912 1896 1073 1928 vincente
1096 1897 1180 1937 ipso,
1203 1900 1238 1928 et
1259 1907 1322 1937 per
1344 1898 1487 1937 grandia
1512 1899 1648 1938 templa,

654 1957 745 1989 Quae
767 1956 886 1986 vivens
909 1955 1044 1991 struxit,
1068 1954 1188 1994 quibus
1211 1958 1245 1986 et
1267 1957 1415 1987 famosus
1439 1956 1472 1987 in
1495 1957 1577 1988 orbe

657 2015 798 2052 Semper
819 2015 855 2044 et
877 2015 1038 2044 aeternus
1061 2013 1221 2044 lustrabit
1242 2015 1380 2045 saecula
1402 2017 1536 2051 cuncta,

652 2070 842 2111 Praecipue
864 2073 966 2102 Petro
989 2071 1131 2102 caelesti
1152 2072 1217 2103 hac
1239 2073 1325 2103 Sede
1347 2072 1460 2103 dicata

653 2128 842 2168 clavigero,
865 2129 985 2160 statuit
1006 2130 1108 2160 Caelo
1131 2139 1231 2168 quam
1254 2130 1416 2169 providus
1437 2133 1560 2167 Aureo;

653 2182 940 2226 Augustinus‘ubi
962 2188 1028 2219 huc
1051 2187 1188 2219 aliunde
1211 2189 1376 2219 abductus
1398 2189 1517 2219 eodem

598 2273 601 2276 ,
654 2248 748 2285 Rege
770 2245 869 2282 iacet,
892 2246 988 2277 cuius
1011 2245 1168 2277 doctrina
1189 2246 1337 2278 ecclesia
1358 2247 1466 2286 fulget
1481 2247 1536 2286 (3).

285 2348 320 2382 In
345 2350 594 2392 questo-modo
619 2350 648 2384 le
665 2359 747 2384 ossa
771 2350 825 2383 del
851 2351 908 2393 piu
934 2351 1062 2393 grande
1078 2351 1133 2385 dei
1151 2361 1185 2385 re
1207 2351 1406 2394 langobardi
1432 2353 1460 2385 si
1486 2354 1668 2385 trovarono
1693 2355 1867 2394 composte
1893 2362 2013 2395 presso

149 2447 152 2450 ,
197 2420 309 2463 quelle
332 2420 366 2454 di
392 2420 570 2464 Agostino,
594 2421 638 2455 da
663 2421 708 2454 lui
733 2423 826 2455 tanto
851 2425 1019 2462 venerate,
1045 2432 1062 2456 e
1088 2431 1209 2464 presso
1233 2423 1344 2464 quelle
1370 2423 1403 2455 di
1429 2422 1593 2456 Severino
1626 2423 1760 2463 Boezio,
1785 2433 1804 2456 a
1829 2425 2013 2457 rinverdIre

196 2491 228 2526 la
250 2492 340 2527 fama
363 2493 419 2526 del
443 2493 543 2535 quale
567 2493 632 2536 egli
658 2503 767 2527 aveva
795 2497 977 2536 cooperato
1001 2503 1065 2527 con
1091 2494 1122 2527 la
1146 2503 1210 2528 sua
1233 2495 1424 2536 generositai
1450 2504 1550 2527 verso
1575 2495 1606 2528 la
1631 2495 1787 2535 Basilica,
1812 2496 1874 2528 che
1900 2496 1931 2528 lo
1956 2505 2014 2528 cu-

195 2564 341 2598 stodiva.
366 2564 393 2597 E
418 2565 490 2598 cosi
515 2565 654 2607 proprio
678 2544 730 2598 nel
756 2567 937 2605 momento,
963 2566 995 2598 in
1021 2567 1073 2598 cui
1099 2567 1152 2598 nei
1170 2566 1281 2608 campi
1306 2567 1360 2599 del
1387 2567 1543 2608 pensiero
1568 2567 1597 2599 si
1622 2575 1752 2608 aprono
1777 2567 1785 2598 i
1811 2568 2014 2600 nuovioriz-

197 2637 285 2669 zonti
309 2635 399 2670 della
423 2637 559 2670 scienza
582 2636 658 2670 coll'
673 2637 884 2681 inaugurarsi
910 2637 964 2670 dei
988 2637 1098 2670 trionfi
1123 2637 1213 2670 della
1237 2637 1381 2670 filosofia
1407 2638 1597 2677 scolastica,
1623 2638 1644 2670 il
1670 2637 1796 2670 mondo
1821 2638 1907 2671 vede
1925 2639 2011 2672 nella

198 2709 314 2741 nostra
337 2707 486 2742 Basilica
510 2708 622 2741 riuniti
641 2709 673 2741 in
691 2710 790 2742 santo
815 2709 992 2741 consorzio
1010 2708 1031 2740 il
1050 2709 1108 2750 piu
1126 2709 1253 2750 grande
1279 2711 1556 2750 rappresentante
1581 2709 1669 2742 della
1683 2708 1829 2751 teologia
1846 2710 2012 2750 cattolica,

74 2947 81 2956 ,
79 2899 82 2902 .
68 2779 94 2869 45:41
67 2679 89 2727 ,νὴ-3

92 2960 95 2967 -
90 2866 98 2874 κ
88 2819 98 2840 ⁴.

253 2882 284 2910 (1)
298 2883 370 2912 inm,
385 2884 429 2907 loc.
445 2885 494 2911 cit,
509 2890 562 2912 pag.
580 2886 611 2906 11.
636 2883 725 2910 Quesia
744 2884 866 2906 iscrizione
882 2884 906 2906 iu
930 2884 1042 2906 distrutta
1063 2890 1076 2906 a

200 2931 282 2949 mezzo
296 2926 312 2949 11
325 2927 404 2950 seculo
418 2927 468 2950 XVl
483 2933 526 2955 per
539 2927 582 2950 dar
604 2928 675 2955 luogo
689 2928 710 2950 al
726 2928 846 2950 mausoleo
861 2928 883 2949 di
899 2933 929 2950 un
948 2928 1077 2954 con-rigiano

201 2970 224 2993 dl
238 2970 308 2994 carlo
321 2971 350 2994 V‘.
364 2971 400 2994 Un
420 2971 559 2994 frammento
573 2972 598 2994 iu
613 2973 746 2999 ricuperato
767 2972 865 2994 durante
879 2972 885 2994 i
907 2972 980 2994 lavori
999 2972 1021 2993 di
1043 2977 1078 2994 re-

199 3015 282 3038 muro
295 3015 355 3038 della
370 3015 469 3039 Basilica
483 3017 520 3039 nel
536 3016 595 3044 1896,
609 3017 639 3039 ed
653 3022 694 3039 ora
708 3017 728 3039 ni
743 3022 856 3039 conserva
877 3017 913 3038 nel
934 3016 1020 3038 Museo
1041 3016 1077 3038 Cl-

201 3059 254 3082 vico
267 3059 290 3082 di
305 3059 384 3083 Ρινιι.
399 3060 538 3088 Mluoccffl,
553 3060 585 3083 Di
599 3061 682 3084 ala-une
700 3061 833 3088 lecrlzionl,
855 3066 902 3083 ecc.
924 3062 1031 3088 scoperte
1051 3061 1076 3083 In

200 3102 226 3126 8.
240 3103 268 3126 Ρ.
283 3104 308 3127 ln
323 3103 376 3127 cre!
388 3104 464 3131 d'oro,
481 3104 559 3131 ania,
577 3105 635 3132 18⁹6,
651 3111 704 3133 pag.
721 3106 755 3127 21.

253 3146 284 3175 (2)
297 3147 414 3172 STEFANO
431 3148 601 3172 BREVENTANO
610 3166 616 3177 ,
637 3149 731 3172 maror.
753 3150 817 3172 della
831 3149 962 3176 Anticmm,
977 3149 1075 3172 Nabum

1131 2889 1178 2905 ecc.
1194 2884 1220 2905 dl
1235 2884 1317 2909 Ρανία,
1334 2883 1412 2906 Pavia.
1428 2884 1524 2911 Barroli,
1542 2885 1599 2912 1570,
1615 2891 1668 2912 pag.
1683 2886 1717 2908 ⁸3.
1729 2885 1895 2911 Quest’autore
1905 2887 1956 2909 dice
1966 2887 2008 2909 che

1131 2928 1201 2950 l'arca
1217 2936 1228 2946 κ
1243 2934 1288 2950 non
1302 2929 1338 2950 c'e
1353 2928 1400 2956 piis,
1416 2929 1472 2956 pero
1487 2929 1529 2951 che
1544 2935 1585 2956 per
1599 2930 1697 2952 l'ordine
1711 2930 1748 2952 del
1759 2930 1862 2953 Concilio
1872 2931 2008 2954 Tridentino

1131 2973 1150 2994 si
1165 2978 1224 2994 sono
1239 2973 1315 2995 levate
1329 2974 1391 2995 tutte
1405 2973 1426 2995 le
1441 2974 1569 3001 sepulture,
1584 2975 1626 2996 che
1641 2980 1686 2996 non
1701 2980 1760 2997 sono
1775 2975 1812 2997 de'
1823 2975 1896 3002 Santi,
1907 2976 1927 2998 le
1945 2977 2007 3003 quali

1130 3022 1201 3039 erano
1215 3022 1286 3044 sopra
1301 3019 1362 3039 terra
1377 3025 1397 3039 ».

1183 3061 1214 3087 (3)
1229 3061 1272 3084 Per
1286 3062 1469 3084 rinustrazione
1484 3062 1506 3084 dl
1522 3065 1606 3090 questa
1628 3063 1731 3091 epigraie
1746 3064 1798 3086 vedi
1817 3064 1956 3091 Mnloccni,
1978 3065 2008 3087 Le

1130 3111 1187 3128 ossa
1201 3106 1228 3128 d!
1241 3111 1266 3128 re
1280 3106 1434 3133 ansprando,
1460 3112 1507 3129 ecc.
1523 3112 1576 3134 pag.
1600 3107 1627 3130 ⁴0
1650 3108 1814 3131 den'estratto.
1838 3109 2007 3135 Aggiungiamo

1128 3150 1171 3172 che
1185 3150 1207 3172 ln
1222 3150 1315 3178 seguito
1329 3150 1374 3173 alla
1389 3151 1533 3174 distruzlone
1548 3152 1584 3174 del
1599 3153 1707 3180 sepulcro
1722 3152 1744 3175 dl
1760 3153 1903 3180 Liuiprando
1918 3153 1953 3174 nel
1972 3158 2008 3174 se-

1980 3205 2007 3227 ⁴·
