2496 3600
471 228 516 262 66

471 364 523 395 tes
548 363 580 395 et
605 370 724 395 vocem
750 362 916 395 habentes
941 362 974 395 in
1000 359 1162 404 Capitulo
1186 361 1382 395 monasterii
1422 362 1659 405 suprascripti,
1683 364 1717 396 et
1741 362 1807 405 ipsi
1843 362 1965 396 iratres
1989 371 2057 396 una
2094 370 2172 396 curn
2207 361 2302 396 dicto
2366 349 2370 358 ¹

472 424 611 457 domino
635 423 769 457 Abbate
794 426 827 457 et
851 433 927 457 cum
953 424 1028 457 eius
1052 431 1224 457 consensu
1249 425 1282 457 et
1305 424 1505 457 auctoritate
1537 424 1677 458 obtenta
1707 425 1804 468 prius
1835 424 1979 459 licencia
2013 425 2082 458 imo
2116 424 2233 458 habito
2266 423 2303 458 in

473 486 641 519 mandatis
665 495 685 519 a
708 486 798 519 felici
831 486 1078 519 recordationis
1114 485 1254 531 domino
1279 485 1427 519 Iohanne
1451 487 1532 520 tunc
1557 486 1674 520 divina
1709 487 1933 530 providencia
1971 495 2105 521 summo
2136 485 2302 520 Pontiflce

473 550 664 590 presentem
690 548 927 582 vendicionem
953 550 986 581 et
1009 548 1123 581 omnia
1147 549 1180 580 et
1205 547 1340 590 singula
1365 547 1580 591 infrascripta
1603 549 1751 582 faciendi
1769 548 1944 583 Fratribus
1960 548 2186 592 infrascriptis
2201 550 2303 592 prout
2375 586 2390 592 „

473 611 505 643 in
532 610 650 643 litteris
674 609 794 652 prefati
820 610 947 643 domini
974 609 1134 644 Iohannis
1158 608 1252 652 Pape
1277 610 1434 653 vigesimi
1459 611 1614 651 secundi,
1639 611 1794 645 eiusdem
1818 611 1946 645 domini
1964 610 2059 654 Pape
2079 611 2182 655 sigilli
2206 604 2378 654 pom-‘'jzss

474 673 539 705 blei
566 682 658 705 more
683 672 798 714 papali
823 672 968 714 appensi
994 672 1143 712 munitiS,
1169 671 1259 704 datis
1283 671 1461 705 Avenione
1485 673 1728 706 terciodecimo
1752 673 1973 707 kalendarum
2002 673 2150 707 februari
2186 672 2305 708 Ponti·

472 735 594 767 iicatus
619 735 773 767 eiusdem
799 734 926 767 domini
953 733 1047 775 Pape
1072 743 1162 766 anno
1188 733 1380 774 undecimo,
1405 734 1660 768 ordinacionem
1685 735 1796 778 ipsius
1832 735 1960 768 domini
1985 734 2080 778 Pape
2103 744 2166 778 per
2199 744 2303 779 quam

474 797 606 830 Fratres
631 796 771 830 Ordinis
797 796 1041 829 Heremitarum
1067 794 1182 829 Sancti
1208 795 1401 839 Augustini,
1427 797 1554 839 quibus
1578 798 1685 840 presit
1708 796 1806 831 Prior
1829 798 2019 831 secundum
2039 798 2302 832 observantiam

474 859 584 900 ipsius
610 858 761 898 Ordinis,
787 859 882 891 iuxta
907 858 1089 891 ecclesiam
1114 858 1194 908 dicti
1221 859 1416 892 monasterii
1442 857 1556 892 Sancti
1582 858 1684 899 Petri,
1709 859 1767 893 ubi
1792 868 1919 902 corpus
1943 859 2100 894 eiusdem
2125 860 2216 894 beati
2233 859 2305 894 Au-

472 922 597 963 gustini
625 921 750 954 residet
774 920 996 962 solempniter
1019 920 1232 960 tumulatum,
1258 921 1384 954 debent
1408 921 1584 963 perpetuis
1608 921 1821 964 temporibus
1845 922 2062 962 habitare,ac
2087 922 2224 956 modum
2248 931 2307 957 se-
2343 908 2374 963 ’ἶ

472 983 620 1016 cundum
647 992 748 1024 quem
785 983 952 1015 dictorum
982 982 1134 1016 Fratrum
1171 982 1417 1016 Heremitarum
1454 983 1625 1017 habitacio
1661 984 1887 1018 constituatur
1910 986 1944 1018 et
1966 983 2108 1018 formam
2143 984 2301 1019 eiusdem
2361 1016 2380 1023 ,

474 1046 614 1078 licencie
639 1047 671 1078 et
695 1045 821 1078 decreti
847 1045 949 1078 fiendi
975 1045 1213 1078 vendicionem
1231 1045 1274 1078 de
1292 1045 1392 1079 bonis
1410 1045 1490 1079 dicti
1509 1046 1703 1080 monasterii
1722 1045 1896 1080 Fratribus
1919 1047 2100 1080 antedictis
2128 1047 2307 1081 continen-
2355 1054 2379 1090 J

472 1108 575 1147 tibus,
602 1107 727 1140 clarius
752 1109 784 1140 et
809 1108 975 1141 seriosius
1012 1107 1213 1148 continetur;
1249 1107 1405 1141 volentes
1430 1109 1589 1142 mandata
1613 1108 1805 1151 apostolica
1829 1110 2022 1143 reverenter
2045 1109 2170 1152 exequi
2195 1110 2232 1143 ut
2253 1110 2306 1143 te-

474 1172 605 1209 nentur,
631 1179 707 1203 cum
733 1170 901 1202 instancia
926 1169 1082 1212 primitus
1105 1170 1261 1217 requisiti
1286 1170 1330 1203 ab
1355 1169 1572 1212 infrascripto
1597 1169 1725 1211 Priore,
1743 1180 1805 1213 pro
1822 1171 1939 1213 precio
1963 1170 2123 1204 librarum
2140 1171 2306 1205 ducenta-
2403 1199 2407 1206 ,,

473 1242 543 1264 rum
560 1232 806 1274 quinquaginta
821 1232 1037 1274 papiensium
1055 1232 1283 1265 vendiderunt
1298 1232 1534 1265 traddiderunt
1551 1234 1584 1266 et
1600 1233 1767 1266 dederunt
1784 1232 1970 1266 venerabili
1988 1234 2021 1267 et
2042 1233 2205 1276 religioso
2228 1233 2304 1268 viro

473 1294 564 1327 fratri
583 1293 776 1336 Augustino
793 1294 836 1327 de
854 1293 973 1327 Padua
991 1293 1098 1327 Priori
1115 1294 1317 1336 provinciali
1335 1295 1368 1327 in
1386 1295 1564 1337 provincia
1580 1294 1782 1328 Lombardie
1800 1295 1881 1329 dicti
1899 1294 2040 1329 Ordinis
2057 1295 2304 1330 Heremitarum

473 1355 588 1390 Sancti
615 1356 796 1399 Augustini
823 1357 946 1390 ementi
972 1358 1004 1390 et
1033 1357 1221 1398 acquirenti
1247 1357 1361 1390 omnia
1385 1358 1418 1390 et
1443 1357 1578 1400 singula
1603 1356 1818 1400 infrascripta
1854 1358 1991 1392 nomine
2016 1358 2128 1400 ipsius
2161 1356 2304 1392 Ordinis
2378 1391 2386 1407 ,Α

473 1419 621 1452 tabullas
646 1420 826 1462 sexaginta
850 1419 1029 1452 sediminis
1045 1416 1098 1461 (l)
1114 1419 1217 1461 positi
1243 1421 1276 1452 et
1300 1419 1442 1453 iacentis
1467 1420 1500 1452 in
1525 1418 1644 1462 Papia,
1669 1420 1702 1453 in
1727 1419 1830 1453 Porta
1853 1420 2055 1461 Laudenssi,
2079 1421 2114 1454 in
2137 1419 2307 1457 parochia

473 1480 588 1515 Sancti
614 1481 691 1522 Viti,
716 1482 770 1514 cui
796 1482 934 1515 coheret
957 1491 977 1515 a
1002 1491 1101 1515 mane
1126 1482 1159 1514 in
1177 1483 1272 1524 parte
1308 1480 1470 1524 Syllanus
1506 1481 1700 1523 Furnarius,
1725 1483 1759 1515 in
1783 1484 1879 1525 parte
1903 1483 1960 1516 via
1983 1485 2018 1516 et
2048 1483 2082 1516 in
2114 1484 2212 1526 parte
2244 1482 2308 1531 ho—

474 1544 573 1577 redes
599 1544 772 1586 quondam
798 1544 961 1577 Bertolini
987 1543 1150 1584 Furnarii,
1175 1553 1196 1577 a
1212 1544 1351 1577 meridie
1384 1543 1568 1584 Bovatarii,
1592 1545 1626 1578 in
1658 1546 1754 1588 parte
1778 1547 1812 1579 et
1836 1545 1870 1578 in
1905 1547 2000 1588 parte
2036 1544 2178 1579 Bastoni
2201 1546 2236 1579 et
2269 1545 2306 1581 in

473 1608 568 1648 parte
594 1606 762 1640 lohannes
795 1605 924 1649 Vegius
956 1607 1070 1640 dictus
1102 1605 1243 1640 Canalis
1271 1607 1304 1639 et
1333 1606 1366 1639 in
1394 1608 1489 1649 parte
1519 1606 1712 1641 Iacominus
1749 1607 1980 1641 Fiambertus:
2004 1617 2025 1641 a
2048 1616 2127 1643 sero
2151 1608 2185 1641 in
2209 1609 2307 1651 parte

474 1669 603 1702 dictum
641 1669 883 1702 monasterium
909 1671 942 1702 et
966 1669 999 1702 in
1025 1670 1120 1711 parte
1145 1669 1226 1702 dicti
1263 1668 1398 1702 Fratres
1430 1669 1694 1703 Heremitarum:
1730 1679 1751 1703 a
1786 1670 1879 1703 nulla
1914 1670 1997 1704 hora
2032 1669 2194 1713 Syllanus
2226 1669 2309 1705 Fer-
2348 1670 2391 1710 ζ·“ζ

474 1732 593 1771 rarius,
624 1731 697 1764 sive
731 1731 810 1773 plus
835 1731 889 1764 vel
915 1732 1028 1764 minus
1053 1732 1107 1771 sit,
1133 1732 1207 1764 sive
1232 1731 1279 1764 ibi
1311 1731 1376 1764 alie
1413 1731 1480 1765 sint
1505 1732 1717 1765 coherencie.
1743 1731 1784 1765 Et
1808 1741 1852 1765 ex
1877 1741 1983 1766 causa
2017 1733 2188 1775 presentis
2223 1740 2309 1767 ven-

473 1794 620 1826 dicionis
645 1795 678 1826 et
702 1794 926 1827 traddicionis
962 1794 1043 1827 dicti
1079 1794 1240 1826 dominus
1276 1792 1396 1827 Abbas
1431 1795 1464 1827 et
1500 1793 1634 1828 Fratres
1669 1795 1805 1828 nomine
1841 1795 1921 1829 dicti
1958 1795 2153 1829 monasterii
2188 1792 2305 1829 Sancti
2350 1795 2394 1834 ⁸4?

473 1855 563 1889 Petri
600 1858 778 1889 cesserunt
803 1858 835 1889 et
860 1856 976 1889 datum
1002 1856 1084 1889 iuris
1119 1856 1273 1889 fecerunt
1301 1856 1394 1889 dicto
1409 1856 1502 1889 fratri
1531 1855 1736 1899 Augustino,
1761 1857 1937 1899 recipienti
1962 1857 2098 1891 nomine
2127 1857 2209 1891 dicti
2239 1855 2308 1892 Or-

473 1918 574 1957 dinis,
604 1918 647 1951 de
680 1918 841 1951 omnibus
865 1920 898 1951 et
922 1918 1068 1960 singulis
1104 1918 1236 1952 iuribus
1261 1920 1294 1951 et
1318 1918 1512 1952 actionibus
1536 1919 1687 1953 realibus
1711 1921 1744 1952 et
1767 1919 2009 1962 personalibus
2033 1919 2174 1954 utilibus
2197 1921 2232 1953 et
2253 1918 2308 1961 «112

474 1981 575 2013 rectis
600 1989 687 2022 quas
705 1982 738 2013 et
755 1989 820 2022 que
839 1980 919 2013 dicti
946 1981 1106 2014 dominus
1131 1980 1250 2014 Abbas
1275 1982 1308 2014 et
1333 1980 1466 2014 Fratres
1491 1981 1688 2015 venditores
1716 1982 1853 2015 nomine
1877 1982 1958 2016 dicti
1975 1981 2172 2016 monasterii
2195 1983 2230 2016 et
2252 1981 2306 2026 ip-

473 2052 549 2075 sum
587 2043 828 2076 monasterium
866 2043 1038 2076 habebant
1069 2044 1103 2076 et
1138 2043 1264 2076 habere
1301 2043 1506 2077 videbantur
1533 2045 1566 2077 et
1597 2044 1641 2077 ad
1671 2053 1732 2078 eos
1761 2044 1854 2078 dicto
1885 2045 2021 2078 nomine
2052 2046 2086 2078 et
2116 2044 2160 2078 ad
2192 2044 2308 2087 ipsum
2367 2026 2394 2088 }

474 2105 715 2137 monasterium
760 2105 963 2146 spectabant
986 2107 1019 2138 et
1043 2105 1259 2146 pertinebant
1282 2107 1315 2138 et
1339 2107 1495 2147 spectare
1525 2108 1558 2139 et
1581 2106 1750 2148 pertinere
1785 2108 1942 2149 poterant
1972 2108 2006 2140 et
2036 2107 2181 2149 possent
2202 2105 2308 2141 modo

473 2167 589 2208 aliquo
607 2168 639 2199 et
657 2167 727 2199 iure
746 2167 778 2199 in
797 2167 952 2209 predicto
977 2167 1143 2200 sedimine
1168 2169 1201 2200 et
1225 2176 1348 2200 versus
1379 2177 1617 2210 quascumque
1641 2177 1809 2210 personas
1844 2170 2000 2202 tenentes
2023 2170 2057 2202 et
2084 2169 2307 2211 possidentes
2362 2175 2388 2187 ”

473 2231 506 2262 et
531 2229 588 2270 qui
613 2229 777 2262 tenebunt
801 2231 834 2262 et
858 2229 1097 2271 possidebunt,
1123 2231 1155 2262 et
1180 2238 1302 2263 versus
1327 2238 1552 2272 quascunque
1577 2230 1663 2264 alias
1687 2239 1866 2273 personas,
1891 2239 1946 2265 res
1970 2233 2004 2264 et
2027 2231 2118 2264 bona
2141 2240 2204 2273 pro
2226 2238 2307 2274 pre-

474 2291 586 2331 dictis,
611 2291 800 2324 occaxione
826 2300 1053 2333 quacumque.
1080 2291 1120 2324 Et
1145 2291 1223 2325 inde
1249 2292 1330 2325 dicti
1355 2292 1516 2326 dominus
1540 2291 1660 2326 Abbas
1685 2294 1718 2326 et
1742 2292 1876 2326 Fratres
1907 2293 2044 2326 nomine
2079 2293 2160 2326 dicti
2189 2300 2308 2327 mona-
2356 2279 2405 2324 ’.ἶῨ

474 2353 566 2385 sterii
593 2353 720 2386 dictum
746 2353 894 2386 Fratrem
921 2353 1150 2396 Augustinum
1175 2354 1208 2386 in
1234 2363 1350 2387 eorum
1375 2356 1409 2387 et
1432 2354 1513 2387 dicti
1539 2355 1735 2388 monasterii
1761 2355 1872 2388 locum
1890 2357 2099 2397 possuerunt
2121 2356 2156 2388 et
2178 2355 2308 2389 consti-

473 2417 608 2448 tuerunt
633 2415 675 2448 de
700 2415 874 2457 predictis,
898 2416 1064 2449 facientes
1089 2418 1121 2449 et
1146 2417 1393 2450 constituentes
1418 2426 1496 2450 eum
1521 2417 1564 2450 de
1590 2417 1755 2459 predictis
1771 2418 1864 2450 dicto
1881 2418 2017 2451 nomine
2050 2419 2304 2460 procuratorem

474 2477 507 2509 in
533 2486 601 2510 rem
627 2486 724 2510 suam
750 2487 789 2510 ac
815 2478 978 2511 cedentes
1002 2480 1035 2511 et
1059 2478 1181 2511 dantes
1206 2479 1316 2511 eidem
1342 2478 1447 2511 Fratri
1472 2478 1666 2521 Augustino
1690 2479 1783 2512 dicto
1800 2480 1936 2513 nomine
1961 2480 2075 2513 omnia
2091 2488 2158 2521 que
2175 2479 2304 2513 dictum

474 2540 717 2572 monasterium
742 2540 891 2573 habebat
915 2549 977 2582 pro
994 2540 1158 2582 predictis
1175 2542 1207 2573 et
1224 2550 1340 2573 eorum
1358 2542 1558 2574 occaxione.
1577 2540 1653 2580 Que
1670 2551 1752 2575 vero
1769 2541 1908 2575 vendita
1924 2542 2047 2575 tradita
2063 2543 2097 2575 et
2114 2541 2188 2575 iura
2203 2549 2304 2576 cessa

474 2601 554 2633 dicti
581 2602 740 2634 dominus
765 2601 885 2635 Abbas
909 2604 942 2635 et
967 2602 1101 2635 Fratres
1137 2603 1386 2636 constituerunt
1410 2612 1454 2636 ex
1479 2612 1569 2636 nunc
1594 2612 1632 2636 se
1651 2612 1694 2637 se
1719 2604 1874 2646 precario
1898 2604 2034 2637 nomine
2059 2604 2140 2637 dicti
2164 2603 2307 2638 Ordinis
2357 2595 2396 2652 ³⁴(

477 2663 721 2696 Heremitarum
745 2665 860 2697 tenere
885 2666 918 2697 et
942 2665 1121 2706 possidere
1147 2667 1180 2698 et
1204 2665 1314 2707 quasi,
1340 2674 1522 2708 quousque
1547 2666 1662 2699 dictus
1686 2665 1802 2699 Frater
1825 2665 2039 2709 Augustinus
2063 2666 2156 2699 dicto
2169 2665 2307 2700 nomine

475 2725 517 2757 de
543 2726 706 2766 predictis
745 2727 1004 2768 possessionem
1040 2727 1212 2769 acceperit
1251 2727 1474 2769 corporalem,
1511 2737 1614 2770 quam
1638 2728 1830 2770 accipiendi
1866 2728 1959 2762 dicto
1991 2729 2126 2762 nomine
2150 2727 2308 2771 quando—

477 2795 622 2828 cumque
641 2788 670 2820 ei
696 2787 862 2829 placuerit
886 2790 918 2821 et
943 2789 1108 2822 retinendi
1134 2789 1270 2822 nomine
1295 2789 1376 2822 dicti
1402 2788 1542 2823 Ordinis
1567 2792 1600 2823 et
1624 2790 1964 2832 quidquid'voluerit
1987 2790 2134 2824 faciendi
2152 2799 2196 2824 ex
2213 2798 2305 2824 nunc
2362 2809 2389 2834 ,;

534 2944 564 2969 (1)
580 2944 611 2965 La
626 2950 736 2971 competa
751 2945 774 2967 di
790 2947 876 2973 questo
897 2946 987 2969 sedlme
1002 2947 1024 2969 di
1040 2947 1066 2970 50
1080 2947 1167 2975 tavole,
1182 2947 1370 2975 corrispondenti
1426 2948 1496 2970 desse
1510 2954 1557 2970 uno
1572 2948 1609 2970 dei
1624 2947 1746 2975 principali
1767 2946 1882 2970 conventi
1903 2947 2055 2970 dell'ordine.
2077 2947 2109 2970 La
2122 2953 2214 2971 somma
2236 2947 2305 2970 aba»

480 2994 494 3010 a
509 2988 570 3010 circa
584 2989 638 3010 2000
652 2988 688 3010 dei
704 2990 777 3011 nostri
793 2991 860 3012 metri
882 2991 1000 3019 quadrati,
1016 2992 1029 3013 ὲ
1043 2992 1066 3013 in
1090 2992 1207 3015 relazione
1227 2992 1250 3014 al
1271 2997 1364 3020 sempre
1419 2994 1472 3015 sata
1487 2998 1528 3020 per
1543 2994 1629 3020 quatu
1643 2992 1741 3020 sedlme,
1755 2992 1807 3015 cine
1820 2992 1863 3014 lire
1876 2992 1958 3020 paves!
1972 2992 2088 3015 dueoento
2101 2992 2239 3021 cinqunnrn.
2251 2997 2305 3015 οω-

481 3034 600 3054 crescente
615 3033 725 3060 sviluppo
740 3034 777 3056 del
792 3036 902 3061 sorgente
917 3035 1039 3058 Conventa
1054 3036 1077 3058 di
1087 3036 1111 3058 S.
1122 3036 1246 3064 Agostino,
1255 3037 1278 3059 al
1295 3037 1365 3064 quale
1419 3037 1531 3064 risponde
1545 3042 1559 3059 a
1573 3037 1635 3059 circa
1651 3036 1716 3059 lmoe
1729 3036 1791 3059 delle
1803 3038 1886 3060 nostre
1898 3036 1949 3059 lire.

479 3077 511 3103 gli
527 3076 652 3099 Eremitani
667 3083 796 3101 cercavano
811 3078 834 3100 di
849 3079 906 3101 dare
920 3080 983 3102 tutta
997 3080 1020 3102 la
1034 3080 1189 3109 grandinata,
1207 3082 1251 3104 che
1270 3081 1295 3104 lo
1315 3087 1366 3104 ren·
