2496 3600
576 0 583 10 ἑ
591 0 610 10 μ,
618 0 844 31 ,(«Ῐςφξγξμ-ςνέῗκης
852 0 941 27 ι’ζῑζρῇῗῖἓ·
958 0 1366 37 φ*ἶἯᾷῖῖἪ’Ἧῆἶξῃᾞῖἱιι
1399 20 1414 34 Ὗ
1452 27 1466 39 ,¹
1474 28 1479 34 ἵ
1486 26 1504 38 ,ᾧ
1515 29 1518 33 .
1541 20 1565 38 {a

470 219 514 254 58

468 353 595 387 tolinus
619 351 740 394 Gaius,
765 353 966 388 lacomellus
990 353 1096 397 Niger
1130 353 1173 387 de
1198 351 1363 396 Septimo,
1398 354 1432 386 et
1460 351 1583 387 Petrus
1607 352 1650 386 de
1674 351 1884 388 Alexandria
1907 353 2070 397 magister
2092 353 2189 395 muri,
2213 352 2296 394 inde

470 417 588 449 testes.

559 477 631 522 Ego
656 478 824 513 lohannes
848 478 1039 522 Mangiaria
1064 478 1225 521 publicus
1249 475 1415 520 imperiali
1439 477 1639 514 auctoritate
1663 478 1828 519 notarius,
1862 478 2027 521 predictis
2061 479 2222 514 omnibus
2245 479 2298 515 in·-

469 531 567 565 terfui
593 534 625 565 et
649 532 735 565 hanc
753 531 915 566 cartulam
940 531 1075 571 tradidi,
1101 531 1301 565 imbreviavi
1326 531 1359 564 et
1383 539 1437 564 me
1461 531 1652 574 subscripsi
1678 540 1823 575 meoque
1847 531 1949 566 solito
1966 531 2066 576 signo
2090 532 2224 576 signayi
2241 541 2298 567 ro-

470 595 580 637 gatus,
605 596 638 627 et
661 603 726 637 ego
751 593 941 628 lacominus
965 594 1008 627 de
1033 592 1176 627 villanis
1200 593 1352 627 notarius
1376 593 1463 627 hanc
1487 595 1614 628 cartam
1645 593 1743 628 iussu
1766 594 1990 638 suprascripti
2014 593 2174 630 Iohannis
2197 594 2299 630 Man·

470 657 574 699 giarie
599 656 719 689 notarii
744 656 878 698 scripsi.

1287 909 1489 952 XXIV.

559 1020 588 1049 11
613 1019 776 1058 capitolo
801 1019 975 1050 Generale
1000 1019 1180 1050 celebrato
1203 1020 1240 1050 in
1263 1019 1422 1050 Venezia
1446 1020 1632 1066 conferma*
1651 1020 1664 1050 i
1686 1020 1776 1059 patti
1793 1019 1946 1052 stabiliti
1962 1020 2018 1052 coi
2034 1020 2205 1052 canonici
2230 1021 2306 1053 Ln-

471 1073 627 1103 teranesi
652 1073 688 1103 di
714 1074 750 1103 S.
777 1073 898 1103 Pietro
923 1073 959 1103 in
983 1073 1059 1103 Ciel
1085 1073 1118 1104 d’
1128 1082 1192 1104 oro
1209 1070 1271 1116 (1).

1124 1197 1282 1230 1332,
1315 1197 1554 1232 giumo,
1587 1198 1666 1224 12.

957 1285 1035 1311 (Arch.
1051 1286 1073 1308 dl
1089 1285 1165 1314 Staio,
1181 1286 1269 1308 Milano
1283 1297 1310 1302 -·-
1324 1285 1430 1314 Pergam.
1446 1286 1469 1308 di
1484 1285 1508 1309 S.
1524 1286 1603 1309 Pletro
1617 1286 1640 1309 ln
1654 1286 1704 1309 ciel
1720 1286 1815 1314 d'Oro).

490 1535 492 1549 k
719 1507 744 1534 Ν
769 1502 904 1535 nomine
929 1501 1067 1535 Domini
1093 1502 1211 1536 Amen.
1237 1501 1336 1536 Anno
1361 1501 1497 1536 Domini
1515 1500 1779 1544 MCCCXXXII,
1797 1503 1967 1537 indicione
1991 1503 2063 1544 XV,
2080 1512 2198 1538 mense
2214 1501 2302 1539 lunii

581 1488 630 1605 I
713 1538 715 1632 ἲ
741 1565 796 1598 die
821 1564 888 1598 XII.
914 1565 1080 1598 Noverint
1103 1565 1253 1598 universi
1279 1567 1472 1608 presentem
1496 1566 1656 1608 paginam
1681 1566 1867 1608 inspecturi
1892 1567 1985 1608 quod
2021 1566 2211 1610 prescripta

484 1632 486 1634 ’
713 1634 714 1654 l
741 1629 987 1662 convenientes
1011 1630 1044 1662 et
1069 1629 1206 1662 insimul
1232 1629 1428 1672 congregati
1454 1629 1604 1671 religiosi
1629 1638 1669 1662 ac
1694 1629 1908 1663 venerabiles
1933 1630 1995 1663 viri
2020 1628 2148 1663 domini
2179 1621 2302 1669 fratres

473 1659 666 1723 Guilelmus
690 1691 732 1723 de
757 1689 927 1724 Cremona
963 1690 1060 1724 Prior
1095 1689 1274 1725 Generalis
1300 1691 1451 1724 Fratrum
1477 1691 1723 1724 Heremitarum
1755 1690 1896 1725 Ordinis
1921 1690 2036 1726 Sancti
2060 1690 2243 1736 Augustini
2266 1691 2303 1727 in

476 1761 573 1784 sacra
598 1752 770 1795 theologia
806 1753 982 1796 Magister,
1020 1753 1187 1787 lohannes
1211 1754 1254 1787 de
1279 1753 1396 1794 Roma,
1432 1753 1593 1796 Paganus
1617 1754 1660 1787 de
1684 1754 1837 1794 Mantua,
1862 1753 2015 1788 Thomas
2050 1755 2093 1788 de
2126 1754 2307 1804 Fabriano,

476 1814 643 1847 Henricus
669 1815 710 1848 de
736 1814 925 1855 Alamania,
950 1815 1129 1849 Dionisius
1154 1816 1196 1849 de
1222 1815 1347 1858 Burgo,
1384 1815 1551 1859 Rogerius
1575 1816 1618 1849 de
1643 1816 1792 1857 Lavello,
1817 1815 1984 1850 Girardus
2020 1817 2062 1850 de
2099 1815 2210 1858 Senis,
2234 1812 2308 1851 An-

475 1877 576 1909 dreas
601 1877 642 1910 de
668 1876 822 1917 Perusio,
849 1877 994 1911 lacobus
1019 1878 1061 1911 de
1087 1877 1277 1920 Appamiis,
1303 1879 1336 1911 in
1361 1887 1459 1912 sacra
1482 1878 1655 1921 theologia
1679 1878 1830 1921 magistri
1855 1881 1888 1912 et
1912 1879 2113 1913 diffinitores
2137 1878 2286 1922 generali

475 1937 624 1981 Capituli
649 1940 729 1973 dicti
755 1939 905 1980 Ordinis,
930 1940 1086 1974 Andreas
1110 1941 1152 1974 de
1178 1940 1271 1974 Atria
1296 1940 1427 1983 Apulee
1444 1938 1507 1982 (2),
1543 1941 1711 1975 Iohannes
1736 1941 1859 1984 Ioseph
1882 1941 1988 1975 Terre
2013 1941 2165 1983 Laboris,
2189 1940 2293 1986 Augu,

476 2002 586 2035 stinus
611 2002 653 2035 de
679 2001 848 2036 Cursiano
873 2002 1034 2043 Romane,
1060 2003 1208 2037 Michael
1234 2004 1276 2037 de
1302 2003 1422 2037 Massa
1438 2001 1491 2045 (3)
1515 2002 1852 2044 Senarum‚1aeobus
1869 2004 1911 2038 de
1929 2003 2080 2038 Tuder-to
2097 2003 2204 2039 Vallis
2218 2002 2311 2053 51)οῇ-

477 2065 543 2104 Ieti,
569 2064 809 2098 Bonaventura
835 2065 1002 2106 Pisarum,
1028 2066 1195 2099 lohannes
1220 2066 1262 2099 de
1288 2066 1407 2099 Monte
1432 2065 1535 2100 Sante
1572 2066 1681 2099 Marie
1717 2066 1871 2100 Marchie
1888 2066 2111 2107 Anconitane,
2133 2065 2307 2110 Neapullo

475 2128 518 2160 de
544 2127 698 2161 Bononia
715 2125 766 2170 (4)
792 2128 1025 2168 Romandiole,
1052 2129 1223 2162 Leoninus
1249 2129 1290 2162 de
1316 2128 1435 2162 Padua
1459 2129 1613 2162 Marchie
1638 2129 1820 2170 Trivisine,
1857 2128 2014 2163 Andreas
2037 2129 2079 2163 de
2105 2126 2306 2164 Mediolano

483 2190 743 2232 Logumbardie,
770 2191 937 2224 lohannes
963 2191 1123 2234 Ungarie,
1148 2191 1277 2225 Paulus
1294 2192 1336 2227 de
1354 2191 1485 2225 Vienna
1502 2191 1646 2225 Bavarie
1663 2193 1696 2225 et
1713 2191 1886 2232 Bohemie,
1904 2191 2056 2225 Thomas
2081 2191 2200 2232 Rheni,
2216 2189 2253 2225 H

475 2253 566 2286 ricus
591 2252 752 2294 Saxonie,
779 2253 958 2296 Roglerius
995 2253 1149 2294 Colonie‚
1187 2254 1354 2288 Iohannes
1391 2263 1519 2296 parvus
1555 2255 1743 2296 episcopus
1783 2254 1934 2294 Francie,
1960 2253 2082 2288 Petrus
2105 2254 2148 2288 de
2173 2253 2309 2297 Pugeto

476 2316 660 2356 Provintie,
685 2316 880 2350 Bernardus
897 2314 949 2358 (5)
974 2317 1016 2350 de
1042 2317 1211 2350 Florentia
1235 2317 1482 2357 Narbonensis,
1519 2316 1641 2350 Petrus
1677 2317 1814 2350 Martini
1851 2317 2053 2350 tholosanus
2069 2314 2132 2359 (6),
2164 2303 2313 2360 Egidiuin

477 2379 586 2420 Luppi
611 2378 772 2421 Yspanie,
799 2378 1002 2412 Guillelmus
1028 2378 1240 2419 Cathalonie‚
1266 2379 1433 2414 Radulfus
1457 2380 1500 2413 de
1525 2379 1688 2413 Faventia
1705 2378 1821 2422 Cypri,
1839 2380 1872 2412 in
1889 2380 2016 2422 quibus
2040 2379 2125 2414 solis
2148 2374 2306 2425 potesta}
2351 2403 2354 2404 ν

521 2536 551 2562 (1)
566 2536 656 2562 Questo
672 2537 820 2564 documento,
836 2537 936 2559 essendo
951 2538 1015 2559 stato
1030 2537 1123 2559 redatto
1138 2543 1180 2564 per
1194 2543 1272 2559 essere
1287 2543 1368 2559 conse-
1474 2537 1505 2564 (4)
1519 2531 1538 2560 E
1551 2537 1612 2559 irate
1626 2537 1762 2564 Napoleone
1775 2537 1837 2559 della
1850 2537 1929 2559 nobile
1937 2536 2040 2564 iamigiia
2050 2536 2147 2559 Galuzzi
2156 2537 2180 2560 di
2190 2536 2311 2567 Bm

481 2582 552 2607 gnato
567 2581 587 2602 ai
605 2582 737 2603 Lateranesi
753 2581 776 2603 di
791 2581 814 2603 S.
831 2581 917 2609 Pietro,
937 2587 983 2603 non
1004 2582 1111 2603 contiene
1134 2582 1198 2603 tutto
1222 2581 1300 2608 quello
1321 2582 1364 2603 che
1418 2587 1432 2604 a
1447 2582 1483 2604 cui
1499 2581 1613 2604 Giovanni
1627 2581 1696 2609 XXll,
1711 2582 1748 2604 nel
1765 2581 1846 2604 132421
1857 2581 1914 2604 zfidi
1924 2581 2025 2608 maggio,
2039 2581 2170 2604 aecordava
2183 2587 2240 2604 ωιι.

482 2625 518 2648 nel
533 2625 642 2652 capitolo
657 2626 768 2648 Generale
783 2625 807 2648 iu
822 2626 927 2648 stabilito
942 2632 984 2653 per
998 2625 1022 2648 S.
1038 2626 1116 2648 Pietro
1131 2626 1154 2647 in
1169 2626 1217 2648 Ciel
1236 2626 1312 2653 d'oro,
1327 2631 1364 2648 ma
1419 2627 1441 2648 la
1455 2626 1542 2649 {aeolia
1556 2626 1579 2648 di
1593 2626 1691 2648 fundare
1705 2626 1752 2648 due
1774 2626 1883 2648 conventi
1904 2625 2046 2648 dell'Ordine
2066 2625 2102 2648 ira
2123 2625 2228 2654 Bologna

482 2669 611 2691 solamente
626 2671 715 2697 quanto
729 2670 759 2692 ad
774 2671 821 2693 essi
836 2671 856 2693 si
876 2670 968 2693 riferiva
989 2676 1032 2698 per
1052 2671 1074 2692 la
1096 2671 1213 2693 conferma
1234 2671 1271 2692 dei
1293 2671 1361 2698 patti,
1417 2671 1533 2693 Tuscana.
1549 2671 1642 2693 Furono
1656 2670 1735 2698 quello
1749 2670 1772 2692 di
1788 2667 1876 2693 L'oiano
1889 2676 1903 2692 a
1915 2670 1940 2693 16
1949 2670 2027 2697 miglia
2037 2670 2067 2692 da
2079 2670 2192 2698 Bologua,
2202 2675 2216 2693 e
2225 2668 2314 2699 qm*

483 2719 549 2735 come
563 2714 585 2736 al
600 2714 693 2736 docum.
709 2721 731 2736 n.
747 2714 797 2738 XX.
1421 2715 1443 2737 di
1459 2714 1581 2742 Scarperia
1595 2720 1610 2737 a
1626 2715 1651 2738 15
1664 2715 1742 2742 miglis
1756 2715 1787 2737 da
1801 2715 1905 2737 Pirenze.

536 2758 568 2783 (2)
576 2752 594 2780 Ε
605 2759 658 2785 quel
668 2759 727 2781 irate
737 2759 838 2786 Andrea‚
849 2759 871 2781 di
882 2760 919 2782 cui
930 2760 945 2781 il
956 2760 1064 2783 TORELLI
1079 2759 1134 2786 (vol.
1146 2760 1174 2787 V,
1185 2765 1238 2787 pag.
1249 2760 1298 2786 601)
1312 2759 1364 2782 rife-
1470 2760 1502 2785 (5)
1517 2759 1608 2785 Questo
1623 2759 1740 2787 religioso,
1756 2759 1816 2781 della
1830 2758 1933 2786 iamiglia
1947 2758 2072 2781 Martellini
2083 2758 2105 2781 di
2116 2758 2243 2786 Pirenen·

483 2802 542 2828 risce
557 2803 599 2824 che
613 2802 637 2824 fu
652 2803 682 2824 da
697 2803 815 2825 Clemente
830 2804 859 2826 Vl
874 2804 994 2827 nominato
1009 2804 1116 2827 Vescovo
1131 2804 1154 2826 di
1173 2804 1260 2826 Andria
1281 2804 1365 2826 l'anno
1422 2805 1474 2827 1342
1487 2804 1508 2826 ai
1525 2804 1550 2826 17
1563 2804 1635 2831 lugiio
1649 2803 1674 2826 iu
1689 2803 1719 2826 da
1733 2803 1853 2826 Clemente
1866 2803 1896 2826 Vl
1910 2809 2036 2831 promosso
2049 2803 2072 2825 al
2082 2802 2255 2826 vescovado&

487 2847 544 2868 1350.
1421 2854 1486 2876 sena,
1501 2854 1545 2871 ove
1560 2848 1618 2870 mori
1632 2848 1669 2870 nel
1685 2848 1737 2871 1348
1750 2853 1764 2870 e
1776 2847 1802 2870 iu
1815 2847 1910 2875 sepono
1923 2847 1946 2870 in
1956 2847 1980 2870 S.
1990 2847 2113 2875 Agostino.
2122 2838 2326 2876 (Tom,wki³
2353 2853 2355 2855 ’

537 2890 571 2917 (3)·
582 2891 698 2918 Religioso
713 2892 785 2914 molto
800 2892 877 2920 dotto,
892 2893 915 2914 di
930 2893 967 2915 cui
981 2893 997 2915 il
1013 2893 1121 2916 LANTEm
1140 2893 1196 2920 (vol.
1211 2893 1228 2920 Ι,
1243 2899 1298 2920 pag,
1321 2893 1368 2919 148)
1421 2894 1449 2920 V,
1465 2899 1518 2921 pag.
1533 2894 1582 2920 535,
1596 2893 1653 2919 592).

484 2935 575 2956 ricorda
590 2936 666 2957 undici
682 2942 753 2962 opere
768 2936 905 2964 filosofiche‚
920 2938 1247 2965 teologiche,scritluristiehe
1261 2937 1291 2960 ed
1304 2943 1369 2960 asce-
1478 2938 1508 2964 (S)
1522 2938 1613 2964 Questo
1627 2938 1737 2966 religioso
1751 2938 1765 2961 ὲ
1778 2938 1842 2961 forse
1855 2938 1885 2960 da
1895 2938 2040 2960 identificare
2049 2943 2093 2960 con
2103 2938 2157 2965 quel
2168 2937 2192 2959 F.
2202 2937 2307 2960 mnsam

484 2979 552 3001 tiche.
570 2980 618 3006 Egli
641 2980 698 3002 mori
713 2980 749 3001 nel
766 2981 817 3002 1337
831 2987 845 3003 a
862 2980 885 3003 S.
907 2981 1022 3008 Agostino
1037 2982 1060 3003 di
1076 2982 1161 3010 Parigi,
1185 2988 1198 3004 e
1211 2982 1275 3004 forse
1297 2988 1369 3005 ancor
1423 2982 1529 3005 Corbene
1544 2983 1574 3005 da
1589 2983 1684 3010 Tolosa,
1700 2983 1872 3010 riputatlsslmo
1886 2988 1928 3010 per
1942 2982 1948 3004 i
1963 2982 2016 3005 suoi
2030 2982 2114 3009 scritti,
2135 2982 2158 3004 al
2179 2982 2249 3009 quale
2267 2986 2310 3004 ιο-
2332 2984 2368 3013 j,

484 3024 591 3051 giovane,
607 3025 707 3046 essendo
722 3025 832 3052 insignito
847 3026 884 3048 del
899 3026 950 3048 solo
965 3026 1039 3054 grado
1054 3027 1076 3048 di
1092 3026 1231 3049 Baccelliere
1243 3027 1368 3054 (TORELLI,
1423 3033 1497 3049 cenna
1511 3027 1527 3049 il
1541 3027 1650 3050 TORELLI
1663 3027 1710 3049 vol.
1725 3027 1753 3055 V,
1768 3033 1822 3054 pag.
1837 3026 1884 3049 470.
1899 3027 1966 3049 sotto
1979 3026 2058 3049 l'anno
2073 3026 2132 3049 ¹3⁴1).

485 3069 531 3090 vol.
543 3069 570 3091 V.
583 3075 636 3096 pag.
647 3069 704 3094 508).
