<?xml version="1.0" encoding="UTF-8"?>
<!DOCTYPE html PUBLIC "-//W3C//DTD XHTML 1.0 Transitional//EN"
    "http://www.w3.org/TR/xhtml1/DTD/xhtml1-transitional.dtd">
<html xmlns="http://www.w3.org/1999/xhtml" xml:lang="en" lang="en">
 <head>
  <title>
</title>
<meta http-equiv="Content-Type" content="text/html;charset=utf-8" />
  <meta name='ocr-system' content='tesseract 3.04.00' />
  <meta name='ocr-capabilities' content='ocr_page ocr_carea ocr_par ocr_line ocrx_word'/>
</head>
<body>
  <div class='ocr_page' id='page_1' title='image "./codexdiplomaticu01maiouoft_0129.png"; bbox 0 0 2496 3600; ppageno 0'>
   <div class='ocr_carea' id='block_1_1' title="bbox 0 3052 182 3600">
    <p class='ocr_par' dir='ltr' id='par_1_1' title="bbox 0 3052 182 3600">
     <span class='ocr_line' id='line_1_1' title="bbox 0 3052 182 3600; baseline 0 0"><span class='ocrx_word' id='word_1_1' title='bbox 0 3052 182 3600; x_wconf 95' lang='lat' dir='ltr'> </span> 
     </span>
    </p>
   </div>
   <div class='ocr_carea' id='block_1_2' title="bbox 1989 259 2032 291">
    <p class='ocr_par' dir='ltr' id='par_1_2' title="bbox 1989 259 2032 291">
     <span class='ocr_line' id='line_1_2' title="bbox 1989 259 2032 291; baseline 0 0"><span class='ocrx_word' id='word_1_2' title='bbox 1989 259 2032 291; x_wconf 88' lang='lat'>59</span> 
     </span>
    </p>
   </div>
   <div class='ocr_carea' id='block_1_3' title="bbox 0 0 738 2196">
    <p class='ocr_par' dir='ltr' id='par_1_3' title="bbox 0 0 738 2196">
     <span class='ocr_line' id='line_1_3' title="bbox 0 0 738 2196; baseline 0.018 -1875"><span class='ocrx_word' id='word_1_3' title='bbox 0 0 738 2196; x_wconf 95' lang='lat' dir='ltr'>   </span> 
     </span>
    </p>
   </div>
   <div class='ocr_carea' id='block_1_4' title="bbox 1208 323 2033 331">
    <p class='ocr_par' dir='ltr' id='par_1_4' title="bbox 1208 323 2033 331">
     <span class='ocr_line' id='line_1_4' title="bbox 1208 323 2033 331; baseline 0 0"><span class='ocrx_word' id='word_1_4' title='bbox 1208 323 2033 331; x_wconf 95' lang='lat' dir='ltr'> </span> 
     </span>
    </p>
   </div>
   <div class='ocr_carea' id='block_1_5' title="bbox 218 325 397 331">
    <p class='ocr_par' dir='ltr' id='par_1_5' title="bbox 218 325 397 331">
     <span class='ocr_line' id='line_1_5' title="bbox 218 325 397 331; baseline 0 0"><span class='ocrx_word' id='word_1_5' title='bbox 218 325 397 331; x_wconf 95' lang='lat' dir='ltr'> </span> 
     </span>
    </p>
   </div>
   <div class='ocr_carea' id='block_1_6' title="bbox 202 386 2034 2864">
    <p class='ocr_par' dir='ltr' id='par_1_6' title="bbox 210 386 2032 741">
     <span class='ocr_line' id='line_1_6' title="bbox 211 386 2031 430; baseline 0.001 -8"><span class='ocrx_word' id='word_1_6' title='bbox 211 389 286 423; x_wconf 84' lang='lat' dir='ltr'>tota·</span> <span class='ocrx_word' id='word_1_7' title='bbox 304 387 385 421; x_wconf 89' lang='lat' dir='ltr'>dicti</span> <span class='ocrx_word' id='word_1_8' title='bbox 409 386 588 421; x_wconf 86' lang='lat' dir='ltr'>Generalis</span> <span class='ocrx_word' id='word_1_9' title='bbox 611 386 760 430; x_wconf 83' lang='lat' dir='ltr'>Capituli</span> <span class='ocrx_word' id='word_1_10' title='bbox 785 388 911 421; x_wconf 84' lang='lat' dir='ltr'>residet</span> <span class='ocrx_word' id='word_1_11' title='bbox 936 388 1104 428; x_wconf 91' lang='lat' dir='ltr'>Veneciis,</span> <span class='ocrx_word' id='word_1_12' title='bbox 1130 388 1162 420; x_wconf 94' lang='lat' dir='ltr'>in</span> <span class='ocrx_word' id='word_1_13' title='bbox 1188 388 1264 421; x_wconf 90' lang='lat' dir='ltr'>loco</span> <span class='ocrx_word' id='word_1_14' title='bbox 1301 397 1363 421; x_wconf 87' lang='lat' dir='ltr'>seu</span> <span class='ocrx_word' id='word_1_15' title='bbox 1388 388 1594 421; x_wconf 87' lang='lat' dir='ltr'>monasterio</span> <span class='ocrx_word' id='word_1_16' title='bbox 1623 387 1736 421; x_wconf 84' lang='lat' dir='ltr'>Sancti</span> <span class='ocrx_word' id='word_1_17' title='bbox 1763 388 1925 430; x_wconf 84' lang='lat' dir='ltr'>Stephani</span> <span class='ocrx_word' id='word_1_18' title='bbox 1951 391 2031 423; x_wconf 88' lang='lat' dir='ltr'>dicti</span> 
     </span>
     <span class='ocr_line' id='line_1_7' title="bbox 210 448 2032 494; baseline 0 -10"><span class='ocrx_word' id='word_1_19' title='bbox 210 449 360 490; x_wconf 89' lang='lat' dir='ltr'>Ordinis,</span> <span class='ocrx_word' id='word_1_20' title='bbox 385 448 534 484; x_wconf 84' lang='lat' dir='ltr'>Castelle</span> <span class='ocrx_word' id='word_1_21' title='bbox 558 448 788 492; x_wconf 75' lang='lat' dir='ltr'>diocesisss),</span> <span class='ocrx_word' id='word_1_22' title='bbox 821 451 883 483; x_wconf 83' lang='lat' dir='ltr'>ubi</span> <span class='ocrx_word' id='word_1_23' title='bbox 902 451 1010 484; x_wconf 52' lang='lat' dir='ltr'>”idem</span> <span class='ocrx_word' id='word_1_24' title='bbox 1047 451 1203 493; x_wconf 88' lang='lat' dir='ltr'>generale</span> <span class='ocrx_word' id='word_1_25' title='bbox 1240 451 1431 484; x_wconf 90' lang='lat' dir='ltr'>celebratur</span> <span class='ocrx_word' id='word_1_26' title='bbox 1455 449 1661 492; x_wconf 88' lang='lat' dir='ltr'>Capitulum,</span> <span class='ocrx_word' id='word_1_27' title='bbox 1687 452 1772 484; x_wconf 90' lang='lat' dir='ltr'>visis</span> <span class='ocrx_word' id='word_1_28' title='bbox 1797 454 1829 484; x_wconf 94' lang='lat' dir='ltr'>et</span> <span class='ocrx_word' id='word_1_29' title='bbox 1854 452 2032 494; x_wconf 80' lang='lat' dir='ltr'>diligenter</span> 
     </span>
     <span class='ocr_line' id='line_1_8' title="bbox 210 510 2030 555; baseline 0 -9"><span class='ocrx_word' id='word_1_30' title='bbox 210 513 414 546; x_wconf 85' lang='lat' dir='ltr'>examinatis</span> <span class='ocrx_word' id='word_1_31' title='bbox 439 513 654 555; x_wconf 85' lang='lat' dir='ltr'>infrascripto</span> <span class='ocrx_word' id='word_1_32' title='bbox 679 514 900 546; x_wconf 90' lang='lat' dir='ltr'>instrumento</span> <span class='ocrx_word' id='word_1_33' title='bbox 925 515 958 546; x_wconf 92' lang='lat' dir='ltr'>et</span> <span class='ocrx_word' id='word_1_34' title='bbox 982 511 1150 546; x_wconf 81' lang='lat' dir='ltr'>contentis</span> <span class='ocrx_word' id='word_1_35' title='bbox 1175 514 1207 545; x_wconf 93' lang='lat' dir='ltr'>in</span> <span class='ocrx_word' id='word_1_36' title='bbox 1234 513 1321 554; x_wconf 91' lang='lat' dir='ltr'>ipso,</span> <span class='ocrx_word' id='word_1_37' title='bbox 1347 510 1536 552; x_wconf 83' lang='lat' dir='ltr'>voluerunt,</span> <span class='ocrx_word' id='word_1_38' title='bbox 1551 513 1869 553; x_wconf 87' lang='lat' dir='ltr'>determinaverunt,</span> <span class='ocrx_word' id='word_1_39' title='bbox 1895 515 2030 547; x_wconf 90' lang='lat' dir='ltr'>ordina-</span> 
     </span>
     <span class='ocr_line' id='line_1_9' title="bbox 210 575 2032 618; baseline 0.001 -11"><span class='ocrx_word' id='word_1_40' title='bbox 210 576 341 615; x_wconf 90' lang='lat' dir='ltr'>verunt,</span> <span class='ocrx_word' id='word_1_41' title='bbox 376 575 636 615; x_wconf 84' lang='lat' dir='ltr'>ratificaverunt,</span> <span class='ocrx_word' id='word_1_42' title='bbox 671 576 924 617; x_wconf 86' lang='lat' dir='ltr'>aprobaverunt</span> <span class='ocrx_word' id='word_1_43' title='bbox 960 578 992 608; x_wconf 92' lang='lat' dir='ltr'>et</span> <span class='ocrx_word' id='word_1_44' title='bbox 1028 576 1275 608; x_wconf 84' lang='lat' dir='ltr'>mandaverunt</span> <span class='ocrx_word' id='word_1_45' title='bbox 1310 577 1468 608; x_wconf 88' lang='lat' dir='ltr'>contenta</span> <span class='ocrx_word' id='word_1_46' title='bbox 1493 576 1525 608; x_wconf 93' lang='lat' dir='ltr'>in</span> <span class='ocrx_word' id='word_1_47' title='bbox 1552 576 1628 617; x_wconf 89' lang='lat' dir='ltr'>ipso</span> <span class='ocrx_word' id='word_1_48' title='bbox 1660 577 1773 608; x_wconf 92' lang='lat' dir='ltr'>omnia</span> <span class='ocrx_word' id='word_1_49' title='bbox 1798 578 1830 609; x_wconf 92' lang='lat' dir='ltr'>et</span> <span class='ocrx_word' id='word_1_50' title='bbox 1855 577 1988 618; x_wconf 86' lang='lat' dir='ltr'>singula</span> <span class='ocrx_word' id='word_1_51' title='bbox 2013 587 2032 609; x_wconf 89' lang='lat' dir='ltr'>a</span> 
     </span>
     <span class='ocr_line' id='line_1_10' title="bbox 210 636 2031 679; baseline 0.001 -10"><span class='ocrx_word' id='word_1_52' title='bbox 210 636 382 670; x_wconf 82' lang='lat' dir='ltr'>Fratribus</span> <span class='ocrx_word' id='word_1_53' title='bbox 406 637 559 670; x_wconf 89' lang='lat' dir='ltr'>eiusdem</span> <span class='ocrx_word' id='word_1_54' title='bbox 584 636 723 671; x_wconf 90' lang='lat' dir='ltr'>Ordinis</span> <span class='ocrx_word' id='word_1_55' title='bbox 747 640 913 679; x_wconf 85' lang='lat' dir='ltr'>perpetuo</span> <span class='ocrx_word' id='word_1_56' title='bbox 938 638 1124 670; x_wconf 89' lang='lat' dir='ltr'>observari.</span> <span class='ocrx_word' id='word_1_57' title='bbox 1151 637 1265 670; x_wconf 90' lang='lat' dir='ltr'>Tenor</span> <span class='ocrx_word' id='word_1_58' title='bbox 1289 644 1370 670; x_wconf 88' lang='lat' dir='ltr'>vero</span> <span class='ocrx_word' id='word_1_59' title='bbox 1395 638 1475 670; x_wconf 89' lang='lat' dir='ltr'>dicti</span> <span class='ocrx_word' id='word_1_60' title='bbox 1502 638 1714 671; x_wconf 86' lang='lat' dir='ltr'>instrumenti</span> <span class='ocrx_word' id='word_1_61' title='bbox 1740 640 1772 670; x_wconf 89' lang='lat' dir='ltr'>et</span> <span class='ocrx_word' id='word_1_62' title='bbox 1797 641 2031 671; x_wconf 88' lang='lat' dir='ltr'>contentorum</span> 
     </span>
     <span class='ocr_line' id='line_1_11' title="bbox 211 699 1792 741; baseline 0.002 -9"><span class='ocrx_word' id='word_1_63' title='bbox 211 699 244 732; x_wconf 92' lang='lat' dir='ltr'>in</span> <span class='ocrx_word' id='word_1_64' title='bbox 269 699 346 741; x_wconf 86' lang='lat' dir='ltr'>ipso</span> <span class='ocrx_word' id='word_1_65' title='bbox 371 709 432 741; x_wconf 84' lang='lat' dir='ltr'>per</span> <span class='ocrx_word' id='word_1_66' title='bbox 455 700 568 733; x_wconf 88' lang='lat' dir='ltr'>omnia</span> <span class='ocrx_word' id='word_1_67' title='bbox 592 700 670 733; x_wconf 90' lang='lat' dir='ltr'>talis</span> <span class='ocrx_word' id='word_1_68' title='bbox 695 702 764 733; x_wconf 91' lang='lat' dir='ltr'>est:</span> <span class='ocrx_word' id='word_1_69' title='bbox 1790 703 1792 706; x_wconf 87' lang='lat'>&#39;</span> 
     </span>
    </p>

    <p class='ocr_par' dir='ltr' id='par_1_7' title="bbox 202 758 2033 866">
     <span class='ocr_line' id='line_1_12' title="bbox 296 758 2033 804; baseline 0.001 -10"><span class='ocrx_word' id='word_1_70' title='bbox 296 758 424 803; x_wconf 75' lang='lat' dir='ltr'>(Segne</span> <span class='ocrx_word' id='word_1_71' title='bbox 447 761 666 795; x_wconf 77' lang='lat' dir='ltr'>l&#39;z&#39;strumento</span> <span class='ocrx_word' id='word_1_72' title='bbox 689 762 775 795; x_wconf 83' lang='lat' dir='ltr'>delle</span> <span class='ocrx_word' id='word_1_73' title='bbox 792 763 1008 795; x_wconf 82' lang='lat' dir='ltr'>convenzioni</span> <span class='ocrx_word' id='word_1_74' title='bbox 1030 763 1084 795; x_wconf 85' lang='lat' dir='ltr'>del</span> <span class='ocrx_word' id='word_1_75' title='bbox 1110 763 1203 801; x_wconf 84' lang='lat'><em>1331,</em></span> <span class='ocrx_word' id='word_1_76' title='bbox 1228 763 1253 796; x_wconf 91' lang='grc'><em>5</em></span> <span class='ocrx_word' id='word_1_77' title='bbox 1271 764 1410 804; x_wconf 81' lang='lat' dir='ltr'>giugno,</span> <span class='ocrx_word' id='word_1_78' title='bbox 1430 762 1504 804; x_wconf 85' lang='lat' dir='ltr'>fino</span> <span class='ocrx_word' id='word_1_79' title='bbox 1529 763 1598 795; x_wconf 84' lang='lat' dir='ltr'>alla</span> <span class='ocrx_word' id='word_1_80' title='bbox 1614 763 1717 804; x_wconf 85' lang='lat' dir='ltr'>firma</span> <span class='ocrx_word' id='word_1_81' title='bbox 1741 763 1795 796; x_wconf 80' lang='lat' dir='ltr'>del</span> <span class='ocrx_word' id='word_1_82' title='bbox 1817 765 1930 796; x_wconf 84' lang='lat' dir='ltr'>notaio</span> <span class='ocrx_word' id='word_1_83' title='bbox 1945 773 2033 796; x_wconf 88' lang='lat' dir='ltr'>com-</span> 
     </span>
     <span class='ocr_line' id='line_1_13' title="bbox 202 823 815 866; baseline 0.002 -10"><span class='ocrx_word' id='word_1_84' title='bbox 202 832 312 866; x_wconf 74' lang='lat' dir='ltr'>presu,</span> <span class='ocrx_word' id='word_1_85' title='bbox 338 823 454 865; x_wconf 78' lang='lat' dir='ltr'>quincii</span> <span class='ocrx_word' id='word_1_86' title='bbox 476 823 815 866; x_wconf 73' lang='lat' dir='ltr'>immediatamente):</span> 
     </span>
    </p>

    <p class='ocr_par' dir='ltr' id='par_1_8' title="bbox 206 885 2034 1116">
     <span class='ocr_line' id='line_1_14' title="bbox 297 885 2033 930; baseline 0.001 -11"><span class='ocrx_word' id='word_1_87' title='bbox 297 885 420 919; x_wconf 90' lang='lat' dir='ltr'>Datum</span> <span class='ocrx_word' id='word_1_88' title='bbox 445 889 477 920; x_wconf 95' lang='lat' dir='ltr'>et</span> <span class='ocrx_word' id='word_1_89' title='bbox 502 889 614 920; x_wconf 89' lang='lat' dir='ltr'>actum</span> <span class='ocrx_word' id='word_1_90' title='bbox 640 888 673 920; x_wconf 92' lang='lat' dir='ltr'>in</span> <span class='ocrx_word' id='word_1_91' title='bbox 698 888 790 920; x_wconf 91' lang='lat' dir='ltr'>dicto</span> <span class='ocrx_word' id='word_1_92' title='bbox 815 888 891 920; x_wconf 94' lang='lat' dir='ltr'>loco</span> <span class='ocrx_word' id='word_1_93' title='bbox 916 897 978 921; x_wconf 92' lang='lat' dir='ltr'>seu</span> <span class='ocrx_word' id='word_1_94' title='bbox 1004 889 1209 921; x_wconf 85' lang='lat' dir='ltr'>monasterio</span> <span class='ocrx_word' id='word_1_95' title='bbox 1234 887 1349 921; x_wconf 88' lang='lat' dir='ltr'>Sancti</span> <span class='ocrx_word' id='word_1_96' title='bbox 1375 887 1537 930; x_wconf 85' lang='lat' dir='ltr'>Stephani</span> <span class='ocrx_word' id='word_1_97' title='bbox 1563 888 1605 921; x_wconf 91' lang='lat' dir='ltr'>de</span> <span class='ocrx_word' id='word_1_98' title='bbox 1631 888 1800 928; x_wconf 87' lang='lat' dir='ltr'>Veneciis,</span> <span class='ocrx_word' id='word_1_99' title='bbox 1827 889 1882 921; x_wconf 90' lang='lat' dir='ltr'>ubi</span> <span class='ocrx_word' id='word_1_100' title='bbox 1921 887 2033 922; x_wconf 90' lang='lat' dir='ltr'>Gene-</span> 
     </span>
     <span class='ocr_line' id='line_1_15' title="bbox 208 946 2034 990; baseline 0.001 -9"><span class='ocrx_word' id='word_1_101' title='bbox 208 948 276 981; x_wconf 91' lang='lat' dir='ltr'>rale</span> <span class='ocrx_word' id='word_1_102' title='bbox 301 946 496 990; x_wconf 88' lang='lat' dir='ltr'>Capitulum</span> <span class='ocrx_word' id='word_1_103' title='bbox 522 950 729 982; x_wconf 90' lang='lat' dir='ltr'>antedictum</span> <span class='ocrx_word' id='word_1_104' title='bbox 754 950 954 990; x_wconf 89' lang='lat' dir='ltr'>celebratur,</span> <span class='ocrx_word' id='word_1_105' title='bbox 980 949 1078 982; x_wconf 84' lang='lat' dir='ltr'>Anno</span> <span class='ocrx_word' id='word_1_106' title='bbox 1103 950 1242 989; x_wconf 89' lang='lat' dir='ltr'>domini,</span> <span class='ocrx_word' id='word_1_107' title='bbox 1260 952 1323 982; x_wconf 89' lang='lat' dir='ltr'>etc.</span> <span class='ocrx_word' id='word_1_108' title='bbox 1349 950 1382 982; x_wconf 91' lang='lat' dir='ltr'>in</span> <span class='ocrx_word' id='word_1_109' title='bbox 1408 950 1506 983; x_wconf 90' lang='lat' dir='ltr'>cuius</span> <span class='ocrx_word' id='word_1_110' title='bbox 1523 950 1569 983; x_wconf 91' lang='lat' dir='ltr'>rei</span> <span class='ocrx_word' id='word_1_111' title='bbox 1587 951 1820 983; x_wconf 86' lang='lat' dir='ltr'>testimonium‘</span> <span class='ocrx_word' id='word_1_112' title='bbox 1842 953 1873 983; x_wconf 90' lang='lat' dir='ltr'>et</span> <span class='ocrx_word' id='word_1_113' title='bbox 1898 951 2034 983; x_wconf 86' lang='lat' dir='ltr'>certitu-</span> 
     </span>
     <span class='ocr_line' id='line_1_16' title="bbox 207 1010 2034 1055; baseline 0.001 -11"><span class='ocrx_word' id='word_1_114' title='bbox 207 1011 321 1043; x_wconf 84' lang='lat' dir='ltr'>dinem</span> <span class='ocrx_word' id='word_1_115' title='bbox 345 1011 531 1053; x_wconf 89' lang='lat' dir='ltr'>pleniorem</span> <span class='ocrx_word' id='word_1_116' title='bbox 557 1012 742 1053; x_wconf 88' lang='lat' dir='ltr'>supradicti</span> <span class='ocrx_word' id='word_1_117' title='bbox 768 1011 864 1044; x_wconf 85' lang='lat' dir='ltr'>Prior</span> <span class='ocrx_word' id='word_1_118' title='bbox 888 1010 1077 1052; x_wconf 87' lang='lat' dir='ltr'>Generalis,</span> <span class='ocrx_word' id='word_1_119' title='bbox 1103 1012 1259 1054; x_wconf 87' lang='lat' dir='ltr'>Magistri</span> <span class='ocrx_word' id='word_1_120' title='bbox 1284 1014 1317 1045; x_wconf 91' lang='lat' dir='ltr'>et</span> <span class='ocrx_word' id='word_1_121' title='bbox 1341 1011 1551 1045; x_wconf 81' lang='lat' dir='ltr'>Diffinitores</span> <span class='ocrx_word' id='word_1_122' title='bbox 1576 1013 1821 1045; x_wconf 88' lang='lat' dir='ltr'>mandaverunt</span> <span class='ocrx_word' id='word_1_123' title='bbox 1846 1014 1931 1046; x_wconf 90' lang='lat' dir='ltr'>hanc</span> <span class='ocrx_word' id='word_1_124' title='bbox 1958 1023 2034 1055; x_wconf 88' lang='lat' dir='ltr'>pre—</span> 
     </span>
     <span class='ocr_line' id='line_1_17' title="bbox 206 1073 1370 1116; baseline 0.001 -10"><span class='ocrx_word' id='word_1_125' title='bbox 206 1075 336 1106; x_wconf 90' lang='lat' dir='ltr'>sentem</span> <span class='ocrx_word' id='word_1_126' title='bbox 361 1074 520 1116; x_wconf 89' lang='lat' dir='ltr'>paginam</span> <span class='ocrx_word' id='word_1_127' title='bbox 546 1074 647 1116; x_wconf 88' lang='lat' dir='ltr'>sigilli</span> <span class='ocrx_word' id='word_1_128' title='bbox 673 1075 754 1107; x_wconf 91' lang='lat' dir='ltr'>dicti</span> <span class='ocrx_word' id='word_1_129' title='bbox 781 1073 922 1107; x_wconf 91' lang='lat' dir='ltr'>Ordinis</span> <span class='ocrx_word' id='word_1_130' title='bbox 949 1075 1132 1107; x_wconf 90' lang='lat' dir='ltr'>munimine</span> <span class='ocrx_word' id='word_1_131' title='bbox 1159 1075 1370 1107; x_wconf 86' lang='lat' dir='ltr'>communiri.</span> 
     </span>
    </p>

    <p class='ocr_par' dir='ltr' id='par_1_9' title="bbox 204 1135 2033 2864">
     <span class='ocr_line' id='line_1_18' title="bbox 295 1135 2031 1179; baseline 0.002 -11"><span class='ocrx_word' id='word_1_132' title='bbox 295 1135 391 1175; x_wconf 83' lang='lat' dir='ltr'>Acta,</span> <span class='ocrx_word' id='word_1_133' title='bbox 416 1136 503 1169; x_wconf 89' lang='lat' dir='ltr'>lecta</span> <span class='ocrx_word' id='word_1_134' title='bbox 527 1138 560 1169; x_wconf 93' lang='lat' dir='ltr'>et</span> <span class='ocrx_word' id='word_1_135' title='bbox 584 1137 757 1178; x_wconf 91' lang='lat' dir='ltr'>publicata</span> <span class='ocrx_word' id='word_1_136' title='bbox 792 1137 927 1169; x_wconf 84' lang='lat' dir='ltr'>fuerunt</span> <span class='ocrx_word' id='word_1_137' title='bbox 963 1137 1025 1169; x_wconf 88' lang='lat' dir='ltr'>hec</span> <span class='ocrx_word' id='word_1_138' title='bbox 1062 1137 1175 1169; x_wconf 92' lang='lat' dir='ltr'>omnia</span> <span class='ocrx_word' id='word_1_139' title='bbox 1215 1136 1384 1176; x_wconf 87' lang='lat' dir='ltr'>Veneciis,</span> <span class='ocrx_word' id='word_1_140' title='bbox 1410 1137 1442 1169; x_wconf 94' lang='lat' dir='ltr'>in</span> <span class='ocrx_word' id='word_1_141' title='bbox 1468 1136 1627 1179; x_wconf 90' lang='lat' dir='ltr'>Capitulo</span> <span class='ocrx_word' id='word_1_142' title='bbox 1653 1137 1852 1170; x_wconf 87' lang='lat' dir='ltr'>Monasterii</span> <span class='ocrx_word' id='word_1_143' title='bbox 1887 1138 2031 1171; x_wconf 89' lang='lat' dir='ltr'>ecclesie</span> 
     </span>
     <span class='ocr_line' id='line_1_19' title="bbox 205 1196 2033 1241; baseline 0.001 -10"><span class='ocrx_word' id='word_1_144' title='bbox 205 1196 320 1231; x_wconf 90' lang='lat' dir='ltr'>Sancti</span> <span class='ocrx_word' id='word_1_145' title='bbox 346 1197 520 1240; x_wconf 87' lang='lat' dir='ltr'>Stephani,</span> <span class='ocrx_word' id='word_1_146' title='bbox 545 1199 668 1232; x_wconf 88' lang='lat' dir='ltr'>domus</span> <span class='ocrx_word' id='word_1_147' title='bbox 693 1200 782 1232; x_wconf 90' lang='lat' dir='ltr'>beati</span> <span class='ocrx_word' id='word_1_148' title='bbox 807 1199 1000 1241; x_wconf 86' lang='lat' dir='ltr'>Augustini,</span> <span class='ocrx_word' id='word_1_149' title='bbox 1037 1198 1176 1232; x_wconf 90' lang='lat' dir='ltr'>Ordinis</span> <span class='ocrx_word' id='word_1_150' title='bbox 1202 1199 1446 1232; x_wconf 88' lang='lat' dir='ltr'>Heremitarum</span> <span class='ocrx_word' id='word_1_151' title='bbox 1472 1209 1532 1241; x_wconf 91' lang='lat' dir='ltr'>per</span> <span class='ocrx_word' id='word_1_152' title='bbox 1557 1209 1608 1233; x_wconf 90' lang='lat' dir='ltr'>me</span> <span class='ocrx_word' id='word_1_153' title='bbox 1635 1199 1769 1233; x_wconf 88' lang='lat' dir='ltr'>Petrum</span> <span class='ocrx_word' id='word_1_154' title='bbox 1788 1200 1954 1233; x_wconf 90' lang='lat' dir='ltr'>Vincentii</span> <span class='ocrx_word' id='word_1_155' title='bbox 1973 1211 2033 1233; x_wconf 90' lang='lat' dir='ltr'>no-</span> 
     </span>
     <span class='ocr_line' id='line_1_20' title="bbox 205 1261 2031 1303; baseline 0.002 -10"><span class='ocrx_word' id='word_1_156' title='bbox 205 1261 326 1293; x_wconf 84' lang='lat' dir='ltr'>tarium</span> <span class='ocrx_word' id='word_1_157' title='bbox 351 1261 526 1302; x_wconf 90' lang='lat' dir='ltr'>publicum</span> <span class='ocrx_word' id='word_1_158' title='bbox 552 1261 814 1303; x_wconf 88' lang='lat' dir='ltr'>infrascriptum,</span> <span class='ocrx_word' id='word_1_159' title='bbox 840 1261 872 1294; x_wconf 91' lang='lat' dir='ltr'>in</span> <span class='ocrx_word' id='word_1_160' title='bbox 898 1262 1207 1303; x_wconf 89' lang='lat' dir='ltr'>suprascriptorum</span> <span class='ocrx_word' id='word_1_161' title='bbox 1234 1262 1439 1295; x_wconf 91' lang='lat' dir='ltr'>venerabilis</span> <span class='ocrx_word' id='word_1_162' title='bbox 1465 1263 1526 1294; x_wconf 85' lang='lat' dir='ltr'>viri</span> <span class='ocrx_word' id='word_1_163' title='bbox 1552 1263 1678 1295; x_wconf 92' lang='lat' dir='ltr'>domini</span> <span class='ocrx_word' id='word_1_164' title='bbox 1697 1262 1824 1296; x_wconf 85' lang='lat' dir='ltr'>Prioris</span> <span class='ocrx_word' id='word_1_165' title='bbox 1843 1262 2031 1303; x_wconf 87' lang='lat' dir='ltr'>Generalis,</span> 
     </span>
     <span class='ocr_line' id='line_1_21' title="bbox 205 1316 2032 1367; baseline 0.001 -11"><span class='ocrx_word' id='word_1_166' title='bbox 205 1323 296 1356; x_wconf 82' lang='lat' dir='ltr'>facta</span> <span class='ocrx_word' id='word_1_167' title='bbox 320 1316 573 1365; x_wconf 88' lang='lat' dir='ltr'>presentatione</span> <span class='ocrx_word' id='word_1_168' title='bbox 598 1324 708 1365; x_wconf 87' lang='lat' dir='ltr'>primo</span> <span class='ocrx_word' id='word_1_169' title='bbox 732 1324 902 1365; x_wconf 89' lang='lat' dir='ltr'>presentis</span> <span class='ocrx_word' id='word_1_170' title='bbox 927 1324 1139 1357; x_wconf 91' lang='lat' dir='ltr'>instrumenti</span> <span class='ocrx_word' id='word_1_171' title='bbox 1165 1326 1342 1366; x_wconf 86' lang='lat' dir='ltr'>pactorum</span> <span class='ocrx_word' id='word_1_172' title='bbox 1367 1326 1400 1357; x_wconf 92' lang='lat' dir='ltr'>et</span> <span class='ocrx_word' id='word_1_173' title='bbox 1424 1325 1688 1357; x_wconf 90' lang='lat' dir='ltr'>conventionum</span> <span class='ocrx_word' id='word_1_174' title='bbox 1726 1335 1786 1367; x_wconf 89' lang='lat' dir='ltr'>per</span> <span class='ocrx_word' id='word_1_175' title='bbox 1818 1326 1974 1365; x_wconf 89' lang='lat' dir='ltr'>eundem,</span> <span class='ocrx_word' id='word_1_176' title='bbox 2000 1328 2032 1359; x_wconf 90' lang='lat' dir='ltr'>et</span> 
     </span>
     <span class='ocr_line' id='line_1_22' title="bbox 205 1385 2032 1429; baseline 0.002 -11"><span class='ocrx_word' id='word_1_177' title='bbox 205 1386 305 1419; x_wconf 88' lang='lat' dir='ltr'>etiam</span> <span class='ocrx_word' id='word_1_178' title='bbox 331 1386 544 1419; x_wconf 89' lang='lat' dir='ltr'>dominorum</span> <span class='ocrx_word' id='word_1_179' title='bbox 570 1386 807 1428; x_wconf 88' lang='lat' dir='ltr'>magistrorum</span> <span class='ocrx_word' id='word_1_180' title='bbox 832 1387 865 1419; x_wconf 92' lang='lat' dir='ltr'>in</span> <span class='ocrx_word' id='word_1_181' title='bbox 890 1386 1062 1429; x_wconf 87' lang='lat' dir='ltr'>theologia</span> <span class='ocrx_word' id='word_1_182' title='bbox 1087 1388 1119 1420; x_wconf 92' lang='lat' dir='ltr'>et</span> <span class='ocrx_word' id='word_1_183' title='bbox 1144 1386 1362 1420; x_wconf 76' lang='lat' dir='ltr'>diffinitorum</span> <span class='ocrx_word' id='word_1_184' title='bbox 1400 1385 1578 1420; x_wconf 89' lang='lat' dir='ltr'>Generalis</span> <span class='ocrx_word' id='word_1_185' title='bbox 1615 1386 1763 1429; x_wconf 89' lang='lat' dir='ltr'>Capituli</span> <span class='ocrx_word' id='word_1_186' title='bbox 1797 1389 1974 1429; x_wconf 87' lang='lat' dir='ltr'>presencia</span> <span class='ocrx_word' id='word_1_187' title='bbox 1999 1391 2032 1421; x_wconf 88' lang='lat' dir='ltr'>et</span> 
     </span>
     <span class='ocr_line' id='line_1_23' title="bbox 205 1448 2029 1489; baseline 0.002 -9"><span class='ocrx_word' id='word_1_188' title='bbox 205 1448 388 1488; x_wconf 89' lang='lat' dir='ltr'>audientia,</span> <span class='ocrx_word' id='word_1_189' title='bbox 413 1448 604 1481; x_wconf 90' lang='lat' dir='ltr'>volencium</span> <span class='ocrx_word' id='word_1_190' title='bbox 630 1449 831 1482; x_wconf 89' lang='lat' dir='ltr'>unanimiter</span> <span class='ocrx_word' id='word_1_191' title='bbox 855 1451 887 1482; x_wconf 90' lang='lat' dir='ltr'>et</span> <span class='ocrx_word' id='word_1_192' title='bbox 912 1449 1135 1489; x_wconf 89' lang='lat' dir='ltr'>concorditer,</span> <span class='ocrx_word' id='word_1_193' title='bbox 1161 1458 1225 1482; x_wconf 91' lang='lat' dir='ltr'>suo</span> <span class='ocrx_word' id='word_1_194' title='bbox 1250 1451 1282 1482; x_wconf 92' lang='lat' dir='ltr'>et</span> <span class='ocrx_word' id='word_1_195' title='bbox 1306 1450 1418 1482; x_wconf 90' lang='lat' dir='ltr'>tocius</span> <span class='ocrx_word' id='word_1_196' title='bbox 1443 1448 1582 1482; x_wconf 91' lang='lat' dir='ltr'>Ordinis</span> <span class='ocrx_word' id='word_1_197' title='bbox 1596 1450 1741 1489; x_wconf 91' lang='lat' dir='ltr'>nomine,</span> <span class='ocrx_word' id='word_1_198' title='bbox 1759 1459 1895 1483; x_wconf 88' lang='lat' dir='ltr'>servare</span> <span class='ocrx_word' id='word_1_199' title='bbox 1914 1453 1946 1483; x_wconf 88' lang='lat' dir='ltr'>et</span> <span class='ocrx_word' id='word_1_200' title='bbox 1963 1461 2029 1483; x_wconf 94' lang='lat' dir='ltr'>non</span> 
     </span>
     <span class='ocr_line' id='line_1_24' title="bbox 204 1510 2031 1555; baseline 0.001 -12"><span class='ocrx_word' id='word_1_201' title='bbox 204 1510 394 1553; x_wconf 88' lang='lat' dir='ltr'>transgredi</span> <span class='ocrx_word' id='word_1_202' title='bbox 419 1513 529 1553; x_wconf 86' lang='lat' dir='ltr'>pacta,</span> <span class='ocrx_word' id='word_1_203' title='bbox 554 1511 802 1553; x_wconf 88' lang='lat' dir='ltr'>promissiones</span> <span class='ocrx_word' id='word_1_204' title='bbox 827 1513 860 1544; x_wconf 92' lang='lat' dir='ltr'>et</span> <span class='ocrx_word' id='word_1_205' title='bbox 884 1512 1130 1544; x_wconf 91' lang='lat' dir='ltr'>conventiones</span> <span class='ocrx_word' id='word_1_206' title='bbox 1155 1521 1216 1554; x_wconf 88' lang='lat' dir='ltr'>per</span> <span class='ocrx_word' id='word_1_207' title='bbox 1240 1512 1331 1545; x_wconf 90' lang='lat' dir='ltr'>dicta</span> <span class='ocrx_word' id='word_1_208' title='bbox 1355 1512 1418 1544; x_wconf 91' lang='lat' dir='ltr'>tria</span> <span class='ocrx_word' id='word_1_209' title='bbox 1450 1510 1609 1553; x_wconf 90' lang='lat' dir='ltr'>Capitula</span> <span class='ocrx_word' id='word_1_210' title='bbox 1645 1511 1826 1545; x_wconf 89' lang='lat' dir='ltr'>Generalia</span> <span class='ocrx_word' id='word_1_211' title='bbox 1862 1514 2031 1555; x_wconf 90' lang='lat' dir='ltr'>promissa</span> 
     </span>
     <span class='ocr_line' id='line_1_25' title="bbox 206 1572 2031 1617; baseline 0.002 -11"><span class='ocrx_word' id='word_1_212' title='bbox 206 1573 307 1606; x_wconf 92' lang='lat' dir='ltr'>dictis</span> <span class='ocrx_word' id='word_1_213' title='bbox 331 1573 478 1606; x_wconf 90' lang='lat' dir='ltr'>dominis</span> <span class='ocrx_word' id='word_1_214' title='bbox 503 1573 627 1606; x_wconf 86' lang='lat' dir='ltr'>Abbati</span> <span class='ocrx_word' id='word_1_215' title='bbox 653 1576 685 1607; x_wconf 94' lang='lat' dir='ltr'>et</span> <span class='ocrx_word' id='word_1_216' title='bbox 710 1572 895 1607; x_wconf 88' lang='lat' dir='ltr'>Canonicis</span> <span class='ocrx_word' id='word_1_217' title='bbox 920 1574 1121 1607; x_wconf 90' lang='lat' dir='ltr'>Monasterii</span> <span class='ocrx_word' id='word_1_218' title='bbox 1158 1573 1273 1608; x_wconf 91' lang='lat' dir='ltr'>Sancti</span> <span class='ocrx_word' id='word_1_219' title='bbox 1307 1574 1397 1607; x_wconf 88' lang='lat' dir='ltr'>Petri</span> <span class='ocrx_word' id='word_1_220' title='bbox 1423 1575 1456 1607; x_wconf 92' lang='lat' dir='ltr'>in</span> <span class='ocrx_word' id='word_1_221' title='bbox 1482 1573 1566 1608; x_wconf 94' lang='lat' dir='ltr'>Celo</span> <span class='ocrx_word' id='word_1_222' title='bbox 1591 1584 1694 1608; x_wconf 89' lang='lat' dir='ltr'>aureo</span> <span class='ocrx_word' id='word_1_223' title='bbox 1720 1576 1906 1617; x_wconf 87' lang='lat' dir='ltr'>papiensis,</span> <span class='ocrx_word' id='word_1_224' title='bbox 1932 1575 2031 1609; x_wconf 82' lang='lat' dir='ltr'>Anno</span> 
     </span>
     <span class='ocr_line' id='line_1_26' title="bbox 207 1636 2033 1681; baseline 0.002 -13"><span class='ocrx_word' id='word_1_225' title='bbox 207 1637 240 1669; x_wconf 89' lang='lat' dir='ltr'>et</span> <span class='ocrx_word' id='word_1_226' title='bbox 264 1636 319 1668; x_wconf 93' lang='lat' dir='ltr'>die</span> <span class='ocrx_word' id='word_1_227' title='bbox 344 1636 470 1678; x_wconf 91' lang='lat' dir='ltr'>quibus</span> <span class='ocrx_word' id='word_1_228' title='bbox 506 1645 621 1678; x_wconf 89' lang='lat' dir='ltr'>supra,</span> <span class='ocrx_word' id='word_1_229' title='bbox 658 1637 796 1679; x_wconf 90' lang='lat' dir='ltr'>scriptis</span> <span class='ocrx_word' id='word_1_230' title='bbox 821 1637 854 1669; x_wconf 90' lang='lat' dir='ltr'>in</span> <span class='ocrx_word' id='word_1_231' title='bbox 880 1637 944 1670; x_wconf 90' lang='lat' dir='ltr'>hoc</span> <span class='ocrx_word' id='word_1_232' title='bbox 981 1637 1130 1679; x_wconf 89' lang='lat' dir='ltr'>presenti</span> <span class='ocrx_word' id='word_1_233' title='bbox 1169 1637 1391 1670; x_wconf 88' lang='lat' dir='ltr'>instrumento</span> <span class='ocrx_word' id='word_1_234' title='bbox 1427 1638 1622 1679; x_wconf 90' lang='lat' dir='ltr'>pactionum</span> <span class='ocrx_word' id='word_1_235' title='bbox 1660 1647 1721 1679; x_wconf 90' lang='lat' dir='ltr'>per</span> <span class='ocrx_word' id='word_1_236' title='bbox 1756 1638 1882 1671; x_wconf 89' lang='lat' dir='ltr'>dictum</span> <span class='ocrx_word' id='word_1_237' title='bbox 1916 1638 2033 1681; x_wconf 87' lang='lat' dir='ltr'>Augu—</span> 
     </span>
     <span class='ocr_line' id='line_1_27' title="bbox 207 1697 2032 1743; baseline 0.002 -12"><span class='ocrx_word' id='word_1_238' title='bbox 207 1698 333 1731; x_wconf 86' lang='lat' dir='ltr'>stinum</span> <span class='ocrx_word' id='word_1_239' title='bbox 359 1697 570 1732; x_wconf 88' lang='lat' dir='ltr'>Panizarium</span> <span class='ocrx_word' id='word_1_240' title='bbox 596 1699 796 1741; x_wconf 90' lang='lat' dir='ltr'>papiensem</span> <span class='ocrx_word' id='word_1_241' title='bbox 822 1699 986 1741; x_wconf 87' lang='lat' dir='ltr'>imperiali</span> <span class='ocrx_word' id='word_1_242' title='bbox 1012 1700 1211 1732; x_wconf 87' lang='lat' dir='ltr'>auctoritate</span> <span class='ocrx_word' id='word_1_243' title='bbox 1237 1700 1404 1732; x_wconf 87' lang='lat' dir='ltr'>notarium</span> <span class='ocrx_word' id='word_1_244' title='bbox 1429 1700 1616 1741; x_wconf 89' lang='lat' dir='ltr'>publicum,</span> <span class='ocrx_word' id='word_1_245' title='bbox 1642 1701 1859 1742; x_wconf 89' lang='lat' dir='ltr'>presentibus</span> <span class='ocrx_word' id='word_1_246' title='bbox 1884 1702 2032 1743; x_wconf 91' lang='lat' dir='ltr'>pruden-</span> 
     </span>
     <span class='ocr_line' id='line_1_28' title="bbox 206 1760 2032 1804; baseline 0.002 -12"><span class='ocrx_word' id='word_1_247' title='bbox 206 1760 299 1793; x_wconf 91' lang='lat' dir='ltr'>tibus</span> <span class='ocrx_word' id='word_1_248' title='bbox 324 1761 406 1793; x_wconf 91' lang='lat' dir='ltr'>viris</span> <span class='ocrx_word' id='word_1_249' title='bbox 430 1760 577 1794; x_wconf 89' lang='lat' dir='ltr'>dominis</span> <span class='ocrx_word' id='word_1_250' title='bbox 612 1760 773 1803; x_wconf 88' lang='lat' dir='ltr'>Philippo</span> <span class='ocrx_word' id='word_1_251' title='bbox 809 1761 951 1794; x_wconf 87' lang='lat' dir='ltr'>Tanella</span> <span class='ocrx_word' id='word_1_252' title='bbox 976 1762 1017 1794; x_wconf 91' lang='lat' dir='ltr'>de</span> <span class='ocrx_word' id='word_1_253' title='bbox 1043 1762 1191 1794; x_wconf 80' lang='lat' dir='ltr'>confinio</span> <span class='ocrx_word' id='word_1_254' title='bbox 1227 1760 1342 1795; x_wconf 88' lang='lat' dir='ltr'>Sancti</span> <span class='ocrx_word' id='word_1_255' title='bbox 1379 1762 1547 1801; x_wconf 89' lang='lat' dir='ltr'>Mauricii,</span> <span class='ocrx_word' id='word_1_256' title='bbox 1584 1762 1751 1795; x_wconf 90' lang='lat' dir='ltr'>Nicholao</span> <span class='ocrx_word' id='word_1_257' title='bbox 1788 1764 2032 1804; x_wconf 90' lang='lat' dir='ltr'>appothecario</span> 
     </span>
     <span class='ocr_line' id='line_1_29' title="bbox 207 1821 2031 1867; baseline 0.002 -12"><span class='ocrx_word' id='word_1_258' title='bbox 207 1821 323 1856; x_wconf 90' lang='lat' dir='ltr'>Sancti</span> <span class='ocrx_word' id='word_1_259' title='bbox 348 1822 480 1865; x_wconf 85' lang='lat' dir='ltr'>Angeli,</span> <span class='ocrx_word' id='word_1_260' title='bbox 505 1822 687 1856; x_wconf 89' lang='lat' dir='ltr'>Bertuchio</span> <span class='ocrx_word' id='word_1_261' title='bbox 712 1822 878 1866; x_wconf 87' lang='lat' dir='ltr'>Aymonis</span> <span class='ocrx_word' id='word_1_262' title='bbox 914 1822 1028 1857; x_wconf 85' lang='lat' dir='ltr'>Sancti</span> <span class='ocrx_word' id='word_1_263' title='bbox 1065 1823 1308 1866; x_wconf 83' lang='lat' dir='ltr'>Appollinaris,</span> <span class='ocrx_word' id='word_1_264' title='bbox 1345 1825 1507 1867; x_wconf 88' lang='lat' dir='ltr'>magistro</span> <span class='ocrx_word' id='word_1_265' title='bbox 1532 1824 1659 1858; x_wconf 90' lang='lat' dir='ltr'>Iustino</span> <span class='ocrx_word' id='word_1_266' title='bbox 1695 1826 1737 1858; x_wconf 92' lang='lat' dir='ltr'>de</span> <span class='ocrx_word' id='word_1_267' title='bbox 1774 1825 1892 1859; x_wconf 88' lang='lat' dir='ltr'>Padua</span> <span class='ocrx_word' id='word_1_268' title='bbox 1917 1825 2031 1859; x_wconf 88' lang='lat' dir='ltr'>Sancti</span> 
     </span>
     <span class='ocr_line' id='line_1_30' title="bbox 206 1884 2031 1929; baseline 0.002 -11"><span class='ocrx_word' id='word_1_269' title='bbox 206 1884 338 1925; x_wconf 89' lang='lat' dir='ltr'>Vitalis,</span> <span class='ocrx_word' id='word_1_270' title='bbox 363 1884 503 1918; x_wconf 88' lang='lat' dir='ltr'>Donato</span> <span class='ocrx_word' id='word_1_271' title='bbox 523 1885 632 1918; x_wconf 90' lang='lat' dir='ltr'>Mathi</span> <span class='ocrx_word' id='word_1_272' title='bbox 657 1884 772 1919; x_wconf 91' lang='lat' dir='ltr'>Sancti</span> <span class='ocrx_word' id='word_1_273' title='bbox 797 1885 929 1928; x_wconf 86' lang='lat' dir='ltr'>Angeli,</span> <span class='ocrx_word' id='word_1_274' title='bbox 954 1885 1055 1919; x_wconf 90' lang='lat' dir='ltr'>Petro</span> <span class='ocrx_word' id='word_1_275' title='bbox 1080 1886 1122 1919; x_wconf 88' lang='lat' dir='ltr'>de</span> <span class='ocrx_word' id='word_1_276' title='bbox 1148 1886 1306 1920; x_wconf 90' lang='lat' dir='ltr'>Tarvisio</span> <span class='ocrx_word' id='word_1_277' title='bbox 1331 1889 1364 1920; x_wconf 90' lang='lat' dir='ltr'>et</span> <span class='ocrx_word' id='word_1_278' title='bbox 1389 1886 1565 1929; x_wconf 84' lang='lat' dir='ltr'>Raynaldo</span> <span class='ocrx_word' id='word_1_279' title='bbox 1583 1887 1625 1920; x_wconf 89' lang='lat' dir='ltr'>de</span> <span class='ocrx_word' id='word_1_280' title='bbox 1643 1887 1790 1920; x_wconf 90' lang='lat' dir='ltr'>Pistorio</span> <span class='ocrx_word' id='word_1_281' title='bbox 1807 1897 1847 1921; x_wconf 89' lang='lat' dir='ltr'>ac</span> <span class='ocrx_word' id='word_1_282' title='bbox 1865 1888 2031 1922; x_wconf 87' lang='lat' dir='ltr'>Nicholao</span> 
     </span>
     <span class='ocr_line' id='line_1_31' title="bbox 211 1946 2031 1992; baseline 0.002 -13"><span class='ocrx_word' id='word_1_283' title='bbox 211 1947 254 1980; x_wconf 92' lang='lat' dir='ltr'>de</span> <span class='ocrx_word' id='word_1_284' title='bbox 279 1946 390 1980; x_wconf 92' lang='lat' dir='ltr'>Domo</span> <span class='ocrx_word' id='word_1_285' title='bbox 414 1946 525 1987; x_wconf 87' lang='lat' dir='ltr'>Viara‚</span> <span class='ocrx_word' id='word_1_286' title='bbox 549 1947 638 1981; x_wconf 93' lang='lat' dir='ltr'>dicte</span> <span class='ocrx_word' id='word_1_287' title='bbox 664 1948 812 1981; x_wconf 89' lang='lat' dir='ltr'>civitatis</span> <span class='ocrx_word' id='word_1_288' title='bbox 836 1948 1063 1988; x_wconf 91' lang='lat' dir='ltr'>Venetiarum,</span> <span class='ocrx_word' id='word_1_289' title='bbox 1089 1949 1235 1982; x_wconf 89' lang='lat' dir='ltr'>testibus</span> <span class='ocrx_word' id='word_1_290' title='bbox 1259 1950 1302 1982; x_wconf 93' lang='lat' dir='ltr'>ad</span> <span class='ocrx_word' id='word_1_291' title='bbox 1329 1950 1497 1991; x_wconf 87' lang='lat' dir='ltr'>premissa</span> <span class='ocrx_word' id='word_1_292' title='bbox 1534 1950 1666 1983; x_wconf 91' lang='lat' dir='ltr'>vocatis</span> <span class='ocrx_word' id='word_1_293' title='bbox 1703 1950 1897 1992; x_wconf 86' lang='lat' dir='ltr'>specialiter</span> <span class='ocrx_word' id='word_1_294' title='bbox 1921 1954 1953 1983; x_wconf 88' lang='lat' dir='ltr'>et</span> <span class='ocrx_word' id='word_1_295' title='bbox 1979 1961 2031 1984; x_wconf 92' lang='lat' dir='ltr'>ro-</span> 
     </span>
     <span class='ocr_line' id='line_1_32' title="bbox 205 2009 2030 2054; baseline 0.002 -12"><span class='ocrx_word' id='word_1_296' title='bbox 205 2009 305 2052; x_wconf 86' lang='lat' dir='ltr'>gatis.</span> <span class='ocrx_word' id='word_1_297' title='bbox 331 2009 371 2042; x_wconf 85' lang='lat' dir='ltr'>Et</span> <span class='ocrx_word' id='word_1_298' title='bbox 395 2019 448 2043; x_wconf 89' lang='lat' dir='ltr'>me</span> <span class='ocrx_word' id='word_1_299' title='bbox 473 2009 573 2043; x_wconf 88' lang='lat' dir='ltr'>Petro</span> <span class='ocrx_word' id='word_1_300' title='bbox 598 2010 764 2043; x_wconf 90' lang='lat' dir='ltr'>Vincentii</span> <span class='ocrx_word' id='word_1_301' title='bbox 790 2010 832 2043; x_wconf 95' lang='lat' dir='ltr'>de</span> <span class='ocrx_word' id='word_1_302' title='bbox 857 2009 1004 2044; x_wconf 88' lang='lat' dir='ltr'>Civitate</span> <span class='ocrx_word' id='word_1_303' title='bbox 1029 2011 1237 2051; x_wconf 88' lang='lat' dir='ltr'>Miniatensi,</span> <span class='ocrx_word' id='word_1_304' title='bbox 1263 2012 1453 2053; x_wconf 90' lang='lat' dir='ltr'>apostolica</span> <span class='ocrx_word' id='word_1_305' title='bbox 1478 2014 1510 2045; x_wconf 90' lang='lat' dir='ltr'>et</span> <span class='ocrx_word' id='word_1_306' title='bbox 1535 2012 1699 2054; x_wconf 89' lang='lat' dir='ltr'>imperiali</span> <span class='ocrx_word' id='word_1_307' title='bbox 1733 2014 1931 2046; x_wconf 89' lang='lat' dir='ltr'>auctoritate</span> <span class='ocrx_word' id='word_1_308' title='bbox 1970 2023 2030 2046; x_wconf 93' lang='lat' dir='ltr'>no-</span> 
     </span>
     <span class='ocr_line' id='line_1_33' title="bbox 207 2072 2032 2116; baseline 0.002 -12"><span class='ocrx_word' id='word_1_309' title='bbox 207 2072 293 2104; x_wconf 88' lang='lat' dir='ltr'>tario</span> <span class='ocrx_word' id='word_1_310' title='bbox 318 2072 468 2114; x_wconf 84' lang='lat' dir='ltr'>publico,</span> <span class='ocrx_word' id='word_1_311' title='bbox 486 2074 643 2114; x_wconf 89' lang='lat' dir='ltr'>presente</span> <span class='ocrx_word' id='word_1_312' title='bbox 661 2073 838 2114; x_wconf 90' lang='lat' dir='ltr'>premissis</span> <span class='ocrx_word' id='word_1_313' title='bbox 856 2075 888 2106; x_wconf 90' lang='lat' dir='ltr'>et</span> <span class='ocrx_word' id='word_1_314' title='bbox 905 2074 959 2106; x_wconf 94' lang='lat' dir='ltr'>cui</span> <span class='ocrx_word' id='word_1_315' title='bbox 977 2083 1038 2115; x_wconf 92' lang='lat' dir='ltr'>per</span> <span class='ocrx_word' id='word_1_316' title='bbox 1054 2074 1271 2116; x_wconf 89' lang='lat' dir='ltr'>supradictos</span> <span class='ocrx_word' id='word_1_317' title='bbox 1288 2074 1446 2107; x_wconf 89' lang='lat' dir='ltr'>dominos</span> <span class='ocrx_word' id='word_1_318' title='bbox 1463 2074 1595 2108; x_wconf 87' lang='lat' dir='ltr'>Fratres</span> <span class='ocrx_word' id='word_1_319' title='bbox 1613 2074 1762 2108; x_wconf 85' lang='lat' dir='ltr'>Priorem</span> <span class='ocrx_word' id='word_1_320' title='bbox 1780 2074 1980 2108; x_wconf 90' lang='lat' dir='ltr'>Generalem</span> <span class='ocrx_word' id='word_1_321' title='bbox 1999 2078 2032 2109; x_wconf 93' lang='lat' dir='ltr'>et</span> 
     </span>
     <span class='ocr_line' id='line_1_34' title="bbox 207 2133 2032 2180; baseline 0.003 -14"><span class='ocrx_word' id='word_1_322' title='bbox 207 2133 241 2166; x_wconf 93' lang='lat' dir='ltr'>in</span> <span class='ocrx_word' id='word_1_323' title='bbox 264 2134 435 2177; x_wconf 89' lang='lat' dir='ltr'>theologia</span> <span class='ocrx_word' id='word_1_324' title='bbox 459 2134 646 2177; x_wconf 87' lang='lat' dir='ltr'>Magistros</span> <span class='ocrx_word' id='word_1_325' title='bbox 671 2144 710 2168; x_wconf 92' lang='lat' dir='ltr'>ac</span> <span class='ocrx_word' id='word_1_326' title='bbox 735 2144 796 2177; x_wconf 92' lang='lat' dir='ltr'>per</span> <span class='ocrx_word' id='word_1_327' title='bbox 819 2134 1029 2170; x_wconf 80' lang='lat' dir='ltr'>Diffinitores</span> <span class='ocrx_word' id='word_1_328' title='bbox 1053 2136 1115 2169; x_wconf 84' lang='lat' dir='ltr'>fuit</span> <span class='ocrx_word' id='word_1_329' title='bbox 1140 2145 1307 2170; x_wconf 88' lang='lat' dir='ltr'>concessa</span> <span class='ocrx_word' id='word_1_330' title='bbox 1332 2136 1467 2170; x_wconf 87' lang='lat' dir='ltr'>licentia</span> <span class='ocrx_word' id='word_1_331' title='bbox 1492 2139 1524 2170; x_wconf 91' lang='lat' dir='ltr'>et</span> <span class='ocrx_word' id='word_1_332' title='bbox 1549 2138 1733 2171; x_wconf 90' lang='lat' dir='ltr'>auctoritas</span> <span class='ocrx_word' id='word_1_333' title='bbox 1766 2138 1871 2171; x_wconf 89' lang='lat' dir='ltr'>libera</span> <span class='ocrx_word' id='word_1_334' title='bbox 1896 2139 1938 2171; x_wconf 93' lang='lat' dir='ltr'>de</span> <span class='ocrx_word' id='word_1_335' title='bbox 1956 2148 2032 2180; x_wconf 90' lang='lat' dir='ltr'>pre-</span> 
     </span>
     <span class='ocr_line' id='line_1_35' title="bbox 207 2196 2032 2240; baseline 0.003 -12"><span class='ocrx_word' id='word_1_336' title='bbox 207 2196 324 2229; x_wconf 89' lang='lat' dir='ltr'>missis</span> <span class='ocrx_word' id='word_1_337' title='bbox 347 2197 517 2236; x_wconf 90' lang='lat' dir='ltr'>omnibus,</span> <span class='ocrx_word' id='word_1_338' title='bbox 542 2197 586 2230; x_wconf 91' lang='lat' dir='ltr'>ad</span> <span class='ocrx_word' id='word_1_339' title='bbox 611 2198 865 2239; x_wconf 88' lang='lat' dir='ltr'>requisitionem</span> <span class='ocrx_word' id='word_1_340' title='bbox 890 2198 1056 2231; x_wconf 92' lang='lat' dir='ltr'>dictorum</span> <span class='ocrx_word' id='word_1_341' title='bbox 1082 2199 1294 2231; x_wconf 90' lang='lat' dir='ltr'>dominorum</span> <span class='ocrx_word' id='word_1_342' title='bbox 1320 2198 1465 2232; x_wconf 84' lang='lat' dir='ltr'>Abbatis</span> <span class='ocrx_word' id='word_1_343' title='bbox 1489 2201 1522 2232; x_wconf 94' lang='lat' dir='ltr'>et</span> <span class='ocrx_word' id='word_1_344' title='bbox 1546 2198 1796 2233; x_wconf 91' lang='lat' dir='ltr'>Canonicorum</span> <span class='ocrx_word' id='word_1_345' title='bbox 1815 2209 1964 2240; x_wconf 90' lang='lat' dir='ltr'>suorum,</span> <span class='ocrx_word' id='word_1_346' title='bbox 1982 2202 2032 2233; x_wconf 92' lang='lat' dir='ltr'>in-</span> 
     </span>
     <span class='ocr_line' id='line_1_36' title="bbox 207 2259 2030 2304; baseline 0.002 -12"><span class='ocrx_word' id='word_1_347' title='bbox 207 2259 393 2292; x_wconf 89' lang='lat' dir='ltr'>strumenta</span> <span class='ocrx_word' id='word_1_348' title='bbox 417 2259 555 2301; x_wconf 90' lang='lat' dir='ltr'>publica</span> <span class='ocrx_word' id='word_1_349' title='bbox 578 2259 725 2293; x_wconf 77' lang='lat' dir='ltr'>faciendi</span> <span class='ocrx_word' id='word_1_350' title='bbox 750 2260 804 2293; x_wconf 91' lang='lat' dir='ltr'>vel</span> <span class='ocrx_word' id='word_1_351' title='bbox 829 2269 890 2302; x_wconf 92' lang='lat' dir='ltr'>per</span> <span class='ocrx_word' id='word_1_352' title='bbox 915 2269 1051 2294; x_wconf 88' lang='lat' dir='ltr'>manum</span> <span class='ocrx_word' id='word_1_353' title='bbox 1076 2261 1176 2294; x_wconf 90' lang='lat' dir='ltr'>aliam</span> <span class='ocrx_word' id='word_1_354' title='bbox 1202 2271 1264 2303; x_wconf 93' lang='lat' dir='ltr'>pro</span> <span class='ocrx_word' id='word_1_355' title='bbox 1289 2261 1474 2295; x_wconf 89' lang='lat' dir='ltr'>voluntatis</span> <span class='ocrx_word' id='word_1_356' title='bbox 1499 2262 1594 2295; x_wconf 91' lang='lat' dir='ltr'>libito</span> <span class='ocrx_word' id='word_1_357' title='bbox 1619 2262 1652 2294; x_wconf 90' lang='lat' dir='ltr'>in</span> <span class='ocrx_word' id='word_1_358' title='bbox 1677 2262 1818 2295; x_wconf 86' lang='lat' dir='ltr'>formam</span> <span class='ocrx_word' id='word_1_359' title='bbox 1859 2263 2030 2304; x_wconf 88' lang='lat' dir='ltr'>publicam</span> 
     </span>
     <span class='ocr_line' id='line_1_37' title="bbox 207 2321 2029 2367; baseline 0.003 -14"><span class='ocrx_word' id='word_1_360' title='bbox 207 2321 393 2363; x_wconf 87' lang='lat' dir='ltr'>redigendi,</span> <span class='ocrx_word' id='word_1_361' title='bbox 417 2330 494 2354; x_wconf 89' lang='lat' dir='ltr'>cum</span> <span class='ocrx_word' id='word_1_362' title='bbox 519 2322 771 2364; x_wconf 91' lang='lat' dir='ltr'>subscriptione</span> <span class='ocrx_word' id='word_1_363' title='bbox 796 2325 864 2356; x_wconf 90' lang='lat' dir='ltr'>tam</span> <span class='ocrx_word' id='word_1_364' title='bbox 889 2323 953 2356; x_wconf 91' lang='lat' dir='ltr'>mei</span> <span class='ocrx_word' id='word_1_365' title='bbox 979 2324 1126 2357; x_wconf 91' lang='lat' dir='ltr'>nominis</span> <span class='ocrx_word' id='word_1_366' title='bbox 1150 2326 1182 2357; x_wconf 88' lang='lat' dir='ltr'>et</span> <span class='ocrx_word' id='word_1_367' title='bbox 1209 2325 1308 2367; x_wconf 88' lang='lat' dir='ltr'>signo</span> <span class='ocrx_word' id='word_1_368' title='bbox 1333 2334 1409 2357; x_wconf 90' lang='lat' dir='ltr'>meo</span> <span class='ocrx_word' id='word_1_369' title='bbox 1434 2324 1536 2358; x_wconf 90' lang='lat' dir='ltr'>solito</span> <span class='ocrx_word' id='word_1_370' title='bbox 1561 2325 1686 2367; x_wconf 88' lang='lat' dir='ltr'>pariter</span> <span class='ocrx_word' id='word_1_371' title='bbox 1709 2326 1939 2367; x_wconf 91' lang='lat' dir='ltr'>apponendis:</span> <span class='ocrx_word' id='word_1_372' title='bbox 1966 2326 2029 2358; x_wconf 91' lang='lat' dir='ltr'>hoc</span> 
     </span>
     <span class='ocr_line' id='line_1_38' title="bbox 204 2383 2030 2429; baseline 0.003 -14"><span class='ocrx_word' id='word_1_373' title='bbox 204 2383 465 2416; x_wconf 89' lang='lat' dir='ltr'>instrumentum</span> <span class='ocrx_word' id='word_1_374' title='bbox 501 2384 675 2426; x_wconf 90' lang='lat' dir='ltr'>publicum</span> <span class='ocrx_word' id='word_1_375' title='bbox 701 2385 734 2417; x_wconf 89' lang='lat' dir='ltr'>in</span> <span class='ocrx_word' id='word_1_376' title='bbox 760 2386 908 2427; x_wconf 88' lang='lat' dir='ltr'>presenti</span> <span class='ocrx_word' id='word_1_377' title='bbox 946 2384 1105 2419; x_wconf 90' lang='lat' dir='ltr'>Generali</span> <span class='ocrx_word' id='word_1_378' title='bbox 1142 2385 1302 2428; x_wconf 88' lang='lat' dir='ltr'>Capitulo</span> <span class='ocrx_word' id='word_1_379' title='bbox 1339 2396 1399 2429; x_wconf 90' lang='lat' dir='ltr'>per</span> <span class='ocrx_word' id='word_1_380' title='bbox 1434 2388 1689 2429; x_wconf 90' lang='lat' dir='ltr'>prenominatos</span> <span class='ocrx_word' id='word_1_381' title='bbox 1714 2388 1872 2420; x_wconf 90' lang='lat' dir='ltr'>dominos</span> <span class='ocrx_word' id='word_1_382' title='bbox 1898 2387 2030 2420; x_wconf 87' lang='lat' dir='ltr'>Fratres</span> 
     </span>
     <span class='ocr_line' id='line_1_39' title="bbox 205 2444 2030 2492; baseline 0.002 -14"><span class='ocrx_word' id='word_1_383' title='bbox 205 2444 355 2478; x_wconf 87' lang='lat' dir='ltr'>Priorem</span> <span class='ocrx_word' id='word_1_384' title='bbox 380 2444 581 2479; x_wconf 89' lang='lat' dir='ltr'>Generalem</span> <span class='ocrx_word' id='word_1_385' title='bbox 607 2447 640 2479; x_wconf 93' lang='lat' dir='ltr'>in</span> <span class='ocrx_word' id='word_1_386' title='bbox 666 2456 763 2480; x_wconf 89' lang='lat' dir='ltr'>sacra</span> <span class='ocrx_word' id='word_1_387' title='bbox 788 2448 914 2490; x_wconf 89' lang='lat' dir='ltr'>pagina</span> <span class='ocrx_word' id='word_1_388' title='bbox 939 2448 1154 2491; x_wconf 88' lang='lat' dir='ltr'>Magistrum,</span> <span class='ocrx_word' id='word_1_389' title='bbox 1179 2458 1218 2482; x_wconf 89' lang='lat' dir='ltr'>ac</span> <span class='ocrx_word' id='word_1_390' title='bbox 1243 2449 1330 2482; x_wconf 92' lang='lat' dir='ltr'>alios</span> <span class='ocrx_word' id='word_1_391' title='bbox 1355 2450 1543 2492; x_wconf 86' lang='lat' dir='ltr'>Magistros</span> <span class='ocrx_word' id='word_1_392' title='bbox 1568 2452 1600 2483; x_wconf 90' lang='lat' dir='ltr'>et</span> <span class='ocrx_word' id='word_1_393' title='bbox 1625 2449 1834 2483; x_wconf 83' lang='lat' dir='ltr'>Diffinitores</span> <span class='ocrx_word' id='word_1_394' title='bbox 1871 2450 2030 2491; x_wconf 89' lang='lat' dir='ltr'>superius</span> 
     </span>
     <span class='ocr_line' id='line_1_40' title="bbox 205 2507 2031 2551; baseline 0.002 -11"><span class='ocrx_word' id='word_1_395' title='bbox 205 2507 398 2541; x_wconf 90' lang='lat' dir='ltr'>nominatos</span> <span class='ocrx_word' id='word_1_396' title='bbox 421 2510 454 2541; x_wconf 92' lang='lat' dir='ltr'>et</span> <span class='ocrx_word' id='word_1_397' title='bbox 478 2517 594 2541; x_wconf 89' lang='lat' dir='ltr'>eorum</span> <span class='ocrx_word' id='word_1_398' title='bbox 620 2509 815 2550; x_wconf 89' lang='lat' dir='ltr'>quemlibet,</span> <span class='ocrx_word' id='word_1_399' title='bbox 852 2510 894 2543; x_wconf 89' lang='lat' dir='ltr'>de</span> <span class='ocrx_word' id='word_1_400' title='bbox 932 2512 1022 2543; x_wconf 87' lang='lat' dir='ltr'>certa</span> <span class='ocrx_word' id='word_1_401' title='bbox 1059 2511 1212 2550; x_wconf 87' lang='lat' dir='ltr'>scientia,</span> <span class='ocrx_word' id='word_1_402' title='bbox 1237 2513 1270 2544; x_wconf 88' lang='lat' dir='ltr'>et</span> <span class='ocrx_word' id='word_1_403' title='bbox 1295 2520 1383 2544; x_wconf 91' lang='lat' dir='ltr'>unus</span> <span class='ocrx_word' id='word_1_404' title='bbox 1408 2511 1451 2544; x_wconf 90' lang='lat' dir='ltr'>de</span> <span class='ocrx_word' id='word_1_405' title='bbox 1476 2511 1650 2544; x_wconf 91' lang='lat' dir='ltr'>voluntate</span> <span class='ocrx_word' id='word_1_406' title='bbox 1683 2511 1832 2551; x_wconf 86' lang='lat' dir='ltr'>alterius,</span> <span class='ocrx_word' id='word_1_407' title='bbox 1857 2521 1933 2544; x_wconf 90' lang='lat' dir='ltr'>cum</span> <span class='ocrx_word' id='word_1_408' title='bbox 1959 2522 2031 2544; x_wconf 89' lang='lat' dir='ltr'>orn-</span> 
     </span>
     <span class='ocr_line' id='line_1_41' title="bbox 207 2569 2031 2616; baseline 0.003 -14"><span class='ocrx_word' id='word_1_409' title='bbox 207 2569 309 2603; x_wconf 91' lang='lat' dir='ltr'>nibus</span> <span class='ocrx_word' id='word_1_410' title='bbox 334 2571 444 2612; x_wconf 82' lang='lat' dir='ltr'>pactis</span> <span class='ocrx_word' id='word_1_411' title='bbox 469 2572 502 2603; x_wconf 92' lang='lat' dir='ltr'>et</span> <span class='ocrx_word' id='word_1_412' title='bbox 526 2571 812 2605; x_wconf 88' lang='lat' dir='ltr'>conventionibus</span> <span class='ocrx_word' id='word_1_413' title='bbox 836 2572 869 2604; x_wconf 91' lang='lat' dir='ltr'>in</span> <span class='ocrx_word' id='word_1_414' title='bbox 894 2573 1128 2615; x_wconf 89' lang='lat' dir='ltr'>suprascripto</span> <span class='ocrx_word' id='word_1_415' title='bbox 1153 2573 1375 2606; x_wconf 87' lang='lat' dir='ltr'>instrumento</span> <span class='ocrx_word' id='word_1_416' title='bbox 1400 2574 1579 2616; x_wconf 84' lang='lat' dir='ltr'>appositis,</span> <span class='ocrx_word' id='word_1_417' title='bbox 1605 2574 1864 2614; x_wconf 76' lang='lat' dir='ltr'>ratificaverunt,</span> <span class='ocrx_word' id='word_1_418' title='bbox 1889 2583 2031 2607; x_wconf 88' lang='lat' dir='ltr'>conces—</span> 
     </span>
     <span class='ocr_line' id='line_1_42' title="bbox 206 2633 2030 2678; baseline 0.002 -14"><span class='ocrx_word' id='word_1_419' title='bbox 206 2634 336 2672; x_wconf 87' lang='lat' dir='ltr'>serunt,</span> <span class='ocrx_word' id='word_1_420' title='bbox 361 2633 640 2673; x_wconf 83' lang='lat' dir='ltr'>confimaverunt,</span> <span class='ocrx_word' id='word_1_421' title='bbox 665 2634 955 2676; x_wconf 88' lang='lat' dir='ltr'>amologaverunt,</span> <span class='ocrx_word' id='word_1_422' title='bbox 980 2637 1013 2668; x_wconf 92' lang='lat' dir='ltr'>et</span> <span class='ocrx_word' id='word_1_423' title='bbox 1037 2635 1087 2668; x_wconf 91' lang='lat' dir='ltr'>sic</span> <span class='ocrx_word' id='word_1_424' title='bbox 1112 2644 1289 2676; x_wconf 88' lang='lat' dir='ltr'>concessa,</span> <span class='ocrx_word' id='word_1_425' title='bbox 1307 2636 1514 2675; x_wconf 76' lang='lat' dir='ltr'>confirmata,</span> <span class='ocrx_word' id='word_1_426' title='bbox 1532 2637 1689 2668; x_wconf 89' lang='lat' dir='ltr'>roborata</span> <span class='ocrx_word' id='word_1_427' title='bbox 1707 2638 1739 2668; x_wconf 91' lang='lat' dir='ltr'>et</span> <span class='ocrx_word' id='word_1_428' title='bbox 1756 2636 1944 2677; x_wconf 89' lang='lat' dir='ltr'>approbata</span> <span class='ocrx_word' id='word_1_429' title='bbox 1970 2645 2030 2678; x_wconf 88' lang='lat' dir='ltr'>per</span> 
     </span>
     <span class='ocr_line' id='line_1_43' title="bbox 204 2693 2030 2740; baseline 0.002 -13"><span class='ocrx_word' id='word_1_430' title='bbox 204 2693 271 2727; x_wconf 89' lang='lat' dir='ltr'>alia</span> <span class='ocrx_word' id='word_1_431' title='bbox 295 2694 542 2737; x_wconf 88' lang='lat' dir='ltr'>subsequentia</span> <span class='ocrx_word' id='word_1_432' title='bbox 566 2693 726 2738; x_wconf 89' lang='lat' dir='ltr'>Capitula</span> <span class='ocrx_word' id='word_1_433' title='bbox 751 2694 943 2736; x_wconf 88' lang='lat' dir='ltr'>Generalia,</span> <span class='ocrx_word' id='word_1_434' title='bbox 969 2697 1148 2730; x_wconf 89' lang='lat' dir='ltr'>voluerunt</span> <span class='ocrx_word' id='word_1_435' title='bbox 1184 2707 1227 2731; x_wconf 91' lang='lat' dir='ltr'>ex</span> <span class='ocrx_word' id='word_1_436' title='bbox 1264 2707 1353 2731; x_wconf 91' lang='lat' dir='ltr'>nunc</span> <span class='ocrx_word' id='word_1_437' title='bbox 1385 2698 1456 2731; x_wconf 85' lang='lat' dir='ltr'>fore</span> <span class='ocrx_word' id='word_1_438' title='bbox 1482 2698 1607 2740; x_wconf 88' lang='lat' dir='ltr'>pariter</span> <span class='ocrx_word' id='word_1_439' title='bbox 1631 2698 1848 2731; x_wconf 85' lang='lat' dir='ltr'>confirmata:</span> <span class='ocrx_word' id='word_1_440' title='bbox 1875 2698 1915 2732; x_wconf 85' lang='lat' dir='ltr'>Et</span> <span class='ocrx_word' id='word_1_441' title='bbox 1941 2699 2030 2732; x_wconf 92' lang='lat' dir='ltr'>inse-</span> 
     </span>
     <span class='ocr_line' id='line_1_44' title="bbox 205 2756 2028 2802; baseline 0.003 -13"><span class='ocrx_word' id='word_1_442' title='bbox 205 2756 344 2798; x_wconf 89' lang='lat' dir='ltr'>quendo</span> <span class='ocrx_word' id='word_1_443' title='bbox 366 2757 520 2798; x_wconf 84' lang='lat' dir='ltr'>formam,</span> <span class='ocrx_word' id='word_1_444' title='bbox 545 2757 714 2791; x_wconf 89' lang='lat' dir='ltr'>licentiam</span> <span class='ocrx_word' id='word_1_445' title='bbox 739 2761 771 2792; x_wconf 92' lang='lat' dir='ltr'>et</span> <span class='ocrx_word' id='word_1_446' title='bbox 795 2759 1029 2792; x_wconf 90' lang='lat' dir='ltr'>auctoritatem</span> <span class='ocrx_word' id='word_1_447' title='bbox 1047 2761 1263 2802; x_wconf 90' lang='lat' dir='ltr'>supradictas</span> <span class='ocrx_word' id='word_1_448' title='bbox 1289 2769 1350 2802; x_wconf 90' lang='lat' dir='ltr'>per</span> <span class='ocrx_word' id='word_1_449' title='bbox 1373 2761 1484 2793; x_wconf 92' lang='lat' dir='ltr'>dictos</span> <span class='ocrx_word' id='word_1_450' title='bbox 1502 2761 1659 2793; x_wconf 88' lang='lat' dir='ltr'>dominos</span> <span class='ocrx_word' id='word_1_451' title='bbox 1677 2760 1810 2794; x_wconf 85' lang='lat' dir='ltr'>Fratres</span> <span class='ocrx_word' id='word_1_452' title='bbox 1827 2759 2028 2794; x_wconf 90' lang='lat' dir='ltr'>Generalem</span> 
     </span>
     <span class='ocr_line' id='line_1_45' title="bbox 206 2816 2029 2864; baseline 0.003 -14"><span class='ocrx_word' id='word_1_453' title='bbox 206 2816 357 2852; x_wconf 90' lang='lat' dir='ltr'>Priorem</span> <span class='ocrx_word' id='word_1_454' title='bbox 382 2819 569 2862; x_wconf 88' lang='lat' dir='ltr'>Magistros</span> <span class='ocrx_word' id='word_1_455' title='bbox 593 2822 626 2854; x_wconf 90' lang='lat' dir='ltr'>et</span> <span class='ocrx_word' id='word_1_456' title='bbox 652 2819 862 2854; x_wconf 83' lang='lat' dir='ltr'>Diftinitores</span> <span class='ocrx_word' id='word_1_457' title='bbox 887 2822 988 2855; x_wconf 90' lang='lat' dir='ltr'>michi</span> <span class='ocrx_word' id='word_1_458' title='bbox 1013 2831 1210 2862; x_wconf 89' lang='lat' dir='ltr'>concessas,</span> <span class='ocrx_word' id='word_1_459' title='bbox 1235 2831 1296 2864; x_wconf 89' lang='lat' dir='ltr'>per</span> <span class='ocrx_word' id='word_1_460' title='bbox 1320 2831 1455 2855; x_wconf 90' lang='lat' dir='ltr'>manum</span> <span class='ocrx_word' id='word_1_461' title='bbox 1480 2822 1592 2855; x_wconf 81' lang='lat' dir='ltr'>fratris</span> <span class='ocrx_word' id='word_1_462' title='bbox 1628 2821 1800 2856; x_wconf 90' lang='lat' dir='ltr'>Guillelmi</span> <span class='ocrx_word' id='word_1_463' title='bbox 1826 2823 1868 2856; x_wconf 91' lang='lat' dir='ltr'>de</span> <span class='ocrx_word' id='word_1_464' title='bbox 1893 2822 2029 2857; x_wconf 91' lang='lat' dir='ltr'>Scicilia</span> 
     </span>
    </p>
   </div>
   <div class='ocr_carea' id='block_1_7' title="bbox 210 2969 2024 3094">
    <p class='ocr_par' dir='ltr' id='par_1_10' title="bbox 210 2969 2024 3094">
     <span class='ocr_line' id='line_1_46' title="bbox 263 2969 2024 3008; baseline 0.003 -10"><span class='ocrx_word' id='word_1_465' title='bbox 263 2974 295 3001; x_wconf 84' lang='lat' dir='ltr'>(l)</span> <span class='ocrx_word' id='word_1_466' title='bbox 309 2969 328 2998; x_wconf 80' lang='grc' dir='ltr'>Ε</span> <span class='ocrx_word' id='word_1_467' title='bbox 341 2975 356 2998; x_wconf 89' lang='grc' dir='ltr'>ΙΙ</span> <span class='ocrx_word' id='word_1_468' title='bbox 370 2977 504 2999; x_wconf 79' lang='lat' dir='ltr'>monastero</span> <span class='ocrx_word' id='word_1_469' title='bbox 519 2976 541 2999; x_wconf 82' lang='lat' dir='ltr'>di</span> <span class='ocrx_word' id='word_1_470' title='bbox 556 2976 580 2999; x_wconf 86' lang='lat' dir='ltr'>S.</span> <span class='ocrx_word' id='word_1_471' title='bbox 595 2976 691 2999; x_wconf 81' lang='lat' dir='ltr'>Steiano</span> <span class='ocrx_word' id='word_1_472' title='bbox 706 2977 728 2999; x_wconf 82' lang='lat' dir='ltr'>dl</span> <span class='ocrx_word' id='word_1_473' title='bbox 743 2977 852 3005; x_wconf 80' lang='lat' dir='ltr'>Venezia,</span> <span class='ocrx_word' id='word_1_474' title='bbox 867 2978 909 3000; x_wconf 85' lang='lat' dir='ltr'>che</span> <span class='ocrx_word' id='word_1_475' title='bbox 923 2978 943 3000; x_wconf 79' lang='lat' dir='ltr'>si</span> <span class='ocrx_word' id='word_1_476' title='bbox 958 2978 1008 3000; x_wconf 83' lang='lat' dir='ltr'>dice</span> <span class='ocrx_word' id='word_1_477' title='bbox 1029 2978 1089 3000; x_wconf 84' lang='lat' dir='ltr'>della</span> <span class='ocrx_word' id='word_1_478' title='bbox 1143 2979 1180 3001; x_wconf 89' lang='lat' dir='ltr'>cul</span> <span class='ocrx_word' id='word_1_479' title='bbox 1195 2979 1216 3000; x_wconf 85' lang='lat' dir='ltr'>la</span> <span class='ocrx_word' id='word_1_480' title='bbox 1230 2978 1287 3001; x_wconf 80' lang='lat' dir='ltr'>sede</span> <span class='ocrx_word' id='word_1_481' title='bbox 1302 2979 1439 3006; x_wconf 85' lang='lat' dir='ltr'>patriarcale</span> <span class='ocrx_word' id='word_1_482' title='bbox 1454 2985 1496 3006; x_wconf 85' lang='lat' dir='ltr'>per</span> <span class='ocrx_word' id='word_1_483' title='bbox 1509 2980 1604 3003; x_wconf 70' lang='lat' dir='ltr'>(ecreto</span> <span class='ocrx_word' id='word_1_484' title='bbox 1619 2979 1641 3002; x_wconf 86' lang='lat' dir='ltr'>dl</span> <span class='ocrx_word' id='word_1_485' title='bbox 1657 2979 1699 3003; x_wconf 84' lang='lat' dir='ltr'>Plo</span> <span class='ocrx_word' id='word_1_486' title='bbox 1713 2980 1752 3003; x_wconf 89' lang='lat' dir='ltr'>Vll</span> <span class='ocrx_word' id='word_1_487' title='bbox 1767 2980 1791 3003; x_wconf 81' lang='lat' dir='ltr'>iu</span> <span class='ocrx_word' id='word_1_488' title='bbox 1807 2982 1951 3008; x_wconf 80' lang='lat' dir='ltr'>trasportata</span> <span class='ocrx_word' id='word_1_489' title='bbox 1966 2981 2024 3003; x_wconf 85' lang='lat' dir='ltr'>nella</span> 
     </span>
     <span class='ocr_line' id='line_1_47' title="bbox 211 3017 1424 3049; baseline 0.002 -7"><span class='ocrx_word' id='word_1_490' title='bbox 211 3017 304 3042; x_wconf 70' lang='lat' dir='ltr'>moces}</span> <span class='ocrx_word' id='word_1_491' title='bbox 319 3019 343 3042; x_wconf 83' lang='lat' dir='ltr'>dl</span> <span class='ocrx_word' id='word_1_492' title='bbox 357 3019 469 3048; x_wconf 71' lang='lat' dir='ltr'>castello.</span> <span class='ocrx_word' id='word_1_493' title='bbox 484 3020 576 3048; x_wconf 69' lang='lat' dir='ltr'>perche,</span> <span class='ocrx_word' id='word_1_494' title='bbox 591 3021 666 3043; x_wconf 72' lang='lat' dir='ltr'>com&#39;e</span> <span class='ocrx_word' id='word_1_495' title='bbox 680 3022 745 3049; x_wconf 77' lang='lat' dir='ltr'>noto,</span> <span class='ocrx_word' id='word_1_496' title='bbox 760 3022 782 3044; x_wconf 82' lang='lat' dir='ltr'>la</span> <span class='ocrx_word' id='word_1_497' title='bbox 796 3027 840 3044; x_wconf 79' lang='lat' dir='ltr'>sua</span> <span class='ocrx_word' id='word_1_498' title='bbox 861 3022 995 3045; x_wconf 77' lang='lat' dir='ltr'>cattedrale</span> <span class='ocrx_word' id='word_1_499' title='bbox 1015 3028 1055 3044; x_wconf 84' lang='lat' dir='ltr'>era</span> <span class='ocrx_word' id='word_1_500' title='bbox 1075 3028 1090 3044; x_wconf 85' lang='lat' dir='ltr'>a</span> <span class='ocrx_word' id='word_1_501' title='bbox 1144 3022 1244 3045; x_wconf 77' lang='lat' dir='ltr'>Basilica</span> <span class='ocrx_word' id='word_1_502' title='bbox 1258 3023 1281 3045; x_wconf 80' lang='lat' dir='ltr'>di</span> <span class='ocrx_word' id='word_1_503' title='bbox 1295 3022 1320 3046; x_wconf 89' lang='lat' dir='ltr'>S.</span> <span class='ocrx_word' id='word_1_504' title='bbox 1334 3023 1424 3046; x_wconf 80' lang='lat' dir='ltr'>Marco.</span> 
     </span>
     <span class='ocr_line' id='line_1_48' title="bbox 210 3061 1093 3094; baseline 0.003 -8"><span class='ocrx_word' id='word_1_505' title='bbox 210 3061 236 3086; x_wconf 82' lang='lat'>8.</span> <span class='ocrx_word' id='word_1_506' title='bbox 251 3062 330 3087; x_wconf 73' lang='lat' dir='ltr'>Pietro</span> <span class='ocrx_word' id='word_1_507' title='bbox 344 3064 366 3087; x_wconf 82' lang='lat' dir='ltr'>dl</span> <span class='ocrx_word' id='word_1_508' title='bbox 381 3063 485 3088; x_wconf 69' lang='lat' dir='ltr'>Castello</span> <span class='ocrx_word' id='word_1_509' title='bbox 506 3065 622 3088; x_wconf 75' lang='lat' dir='ltr'>nell&#39;laola</span> <span class='ocrx_word' id='word_1_510' title='bbox 636 3065 659 3088; x_wconf 84' lang='lat' dir='ltr'>di</span> <span class='ocrx_word' id='word_1_511' title='bbox 674 3065 775 3094; x_wconf 85' lang='lat' dir='ltr'>Ollvolo,</span> <span class='ocrx_word' id='word_1_512' title='bbox 789 3072 834 3089; x_wconf 84' lang='lat' dir='ltr'>ove</span> <span class='ocrx_word' id='word_1_513' title='bbox 848 3066 872 3089; x_wconf 79' lang='lat' dir='ltr'>iu</span> <span class='ocrx_word' id='word_1_514' title='bbox 887 3066 938 3089; x_wconf 77' lang='lat' dir='ltr'>sino</span> <span class='ocrx_word' id='word_1_515' title='bbox 952 3066 975 3089; x_wconf 86' lang='lat' dir='ltr'>al</span> <span class='ocrx_word' id='word_1_516' title='bbox 991 3067 1050 3094; x_wconf 73' lang='lat' dir='ltr'>lm&#39;l,</span> <span class='ocrx_word' id='word_1_517' title='bbox 1071 3067 1093 3089; x_wconf 88' lang='lat' dir='ltr'>ln</span> 
     </span>
    </p>
   </div>
  </div>
 </body>
</html>
