2496 3600
511 377 583 401 rum
608 368 736 401 eisdem
761 367 906 401 ecclesie
931 369 963 401 et
987 368 1150 401 cimiterio
1174 367 1412 407 adiacentium,
1448 368 1481 400 et
1505 375 1592 409 quas
1627 366 1708 400 dicti
1745 365 1877 400 Fratres
1905 366 1938 400 in
1966 367 2115 409 presenti
2142 367 2379 411 possident,

509 432 542 464 et
565 438 652 472 quas
677 432 833 472 poterunt
857 430 899 462 de
935 431 1047 463 cetero
1083 430 1139 472 pia
1163 429 1344 462 devotione
1368 428 1518 462 fidelium
1557 409 1712 471 achpisci.
1748 426 1859 468 Quam
1885 428 2102 462 donationem
2130 431 2163 463 et
2190 437 2334 464 conces-

509 492 638 525 sionem
664 491 776 525 dictus
800 491 965 531 Vicarius‚
980 491 1113 524 nomine
1138 491 1218 524 dicti
1245 490 1407 532 Episcopi
1432 492 1465 523 et
1490 489 1729 532 Episcopatus,
1753 492 1786 523 et
1810 490 1936 524 dictum
1961 488 2156 533 Capitulum
2191 492 2225 524 et
2251 486 2406 532 Pro-³2³

508 555 641 596 positus
666 553 826 594 fecerunt,
851 553 968 593 salvis,
993 553 1084 586 dicto
1110 553 1284 595 Episcopo
1307 554 1341 586 et
1365 553 1439 586 eius
1463 552 1735 592 successoribus,
1759 554 1793 586 et
1817 552 1956 595 integris
1980 553 2162 587 reservatis
2197 554 2332 588 univer·
2391 562 2402 597 ‚j

507 617 556 650 sis
582 617 646 650 hiis
671 619 703 650 et
728 615 882 658 singulis,
919 624 985 657 que
1022 615 1149 648 ratione
1175 615 1257 648 iuris
1281 614 1490 656 episcopalis
1515 613 1689 656 Episcopo
1713 614 1756 648 de
1780 614 1851 648 iure
1880 615 2087 657 competunt,
2126 623 2195 648 non
2218 617 2330 650 tamen

507 680 542 711 ut
567 687 627 720 per
651 679 714 711 hoc
750 687 801 717 ea,
837 686 903 719 que
939 679 1018 710 sunt
1053 677 1096 710 de
1133 676 1207 719 lege
1249 676 1452 716 diocesana,
1481 675 1535 710 vel
1568 676 1811 710 iurisdictionis
1842 677 2008 716 existunt,
2036 684 2097 710 seu
2129 675 2196 710 alio
2227 677 2331 723 modo

506 741 548 773 ad
589 739 818 774 Diocesanum
859 738 1067 781 Episcopum
1104 738 1270 780 pertinere
1303 740 1504 778 noscuntur,
1541 747 1602 780 per
1639 738 1766 771 dictum
1806 737 2014 780 Episcopum
2054 747 2116 772 nec
2156 747 2218 781 per
2254 738 2330 773 eius

506 811 726 836 successores
762 810 824 834 nec
850 810 909 843 per
934 801 1060 834 dictum
1097 800 1382 834 Archidiaconum
1407 802 1440 834 et
1464 798 1659 843 Capitulum
1694 802 1811 834 contra
1847 801 1958 834 dictos
1993 800 2126 834 Fratres
2161 802 2195 834 et
2228 799 2331 835 Ordi-
2355 809 2377 849 ᾖ

505 873 591 903 nem,
617 873 678 897 nec
703 873 769 896 non
795 863 919 896 dictam
943 862 1123 895 ecclesiam
1149 864 1181 895 et
1205 862 1403 896 cimiterium
1439 862 1683 904 supradictum,
1717 864 1751 895 et
1774 862 1817 895 ad
1853 862 1920 896 alia
1954 863 2162 905 appenditia,
2192 871 2260 905 que
2294 863 2330 897 in
2352 850 2391 903 ’ζ’

505 927 747 968 presentiarum
773 926 934 965 existunt,
960 925 1024 964 vel,
1049 923 1123 958 Deo
1148 924 1367 964 concedente,
1403 924 1446 958 de
1482 926 1595 958 cetero
1624 925 1750 958 ibidem
1786 925 1866 958 dicti
1903 923 2036 958 Fratres
2070 926 2103 958 et
2137 923 2232 959 Ordo
2267 933 2385 968 po-

504 991 612 1021 terunt
636 988 792 1029 adipisci,
817 997 883 1020 non
909 987 1056 1020 debeant
1080 987 1242 1026 exerceri,
1267 986 1320 1020 vel
1346 996 1388 1020 eo
1412 987 1504 1028 quod
1530 987 1620 1020 dicta
1644 986 1791 1023 ecclesia
1826 986 2032 1029 parochialis
2055 987 2190 1027 existat,
2221 983 2343 1022 teneri

503 1051 598 1083 aliter
623 1050 674 1083 vel
700 1050 866 1092 distringi,
891 1058 992 1091 quam
1019 1049 1151 1082 Fratres
1187 1047 1423 1082 Predicatores
1459 1051 1492 1082 et
1515 1049 1679 1089 Minores,
1705 1049 1758 1082 vel
1783 1057 1899 1082 eorum
1924 1048 2143 1083 Eremitarum
2168 1047 2329 1083 Conven-
2359 1051 2384 1090 225-

502 1115 557 1145 tus
580 1113 699 1145 arctari
725 1111 778 1145 vel
803 1112 919 1151 teneri,
944 1114 976 1144 et
1000 1121 1116 1144 eorum
1151 1111 1296 1144 ecclesie
1329 1111 1382 1144 vel
1419 1111 1581 1144 cimiteria
1605 1113 1866 1144 consueverunt.
1891 1109 2004 1144 Salvis
2038 1119 2174 1154 semper
2208 1111 2338 1146 imma—-

502 1176 674 1215 nitatibus,
699 1175 985 1216 exemptionibus,
1010 1176 1042 1207 et
1066 1174 1264 1217 privilegiis,
1289 1174 1380 1207 dicto
1405 1173 1524 1207 Ordini
1549 1175 1582 1207 et
1606 1173 1779 1207 Fratribus
1803 1172 1836 1207 S.
1867 1173 2047 1216 Augustini
2087 1182 2148 1216 per
2178 1173 2328 1217 Aposto-
2349 1189 2365 1208 ,⁴

502 1238 598 1270 licam
635 1236 757 1270 Sedem
794 1239 826 1270 et
862 1237 935 1270 eius
972 1236 1117 1279 Legatos
1154 1236 1293 1269 indultis
1329 1238 1362 1269 et
1397 1236 1596 1276 concessis,
1633 1236 1677 1269 ita
1713 1236 1805 1278 quod
1841 1237 2023 1270 occasione
2059 1235 2210 1278 predicte
2244 1244 2328 1270 con-³

502 1300 670 1333 cessionis
695 1302 727 1332 et
751 1299 946 1332 donationis
971 1301 1003 1332 et
1038 1298 1184 1332 ecclesie
1220 1298 1347 1331 nullum
1383 1299 1441 1331 fiat
1476 1299 1692 1340 preiuditium
1725 1299 1825 1332 dictis
1843 1298 2015 1332 Fratribus
2031 1296 2331 1340 etOrdiniquan-
2370 1292 2393 1319 1„

500 1365 569 1395 tum
594 1362 636 1395 ad
662 1362 899 1401 immunitates,
924 1361 1102 1403 privilegia
1126 1363 1158 1394 et
1182 1361 1418 1402 exemptiones
1443 1361 1493 1394 eis
1518 1361 1676 1394 indultas.
1702 1360 1742 1394 Et
1766 1369 1923 1394 exnunc
1948 1360 2061 1394 dictus
2085 1359 2327 1400 Vicariusmo-
2376 1347 2397 1401 ᾗ

500 1425 587 1458 mine
613 1425 692 1457 dicti
719 1424 880 1466 Episcopi
906 1426 938 1456 et
963 1423 1203 1465 Episcopatus,
1228 1425 1260 1456 et
1285 1423 1397 1456 dictus
1433 1422 1634 1465 Prepositus
1669 1423 1712 1456 de
1737 1431 1908 1456 consensu
1933 1422 2013 1455 dicti
2039 1420 2199 1464 Capituli,
2223 1423 2257 1456 et
2272 1421 2326 1469 ip-
2362 1469 2368 1472 .

500 1495 574 1519 sum
600 1485 793 1528 Capitulum
819 1486 1100 1519 renunciaverunt
1124 1485 1214 1518 omni
1240 1485 1301 1517 iuri
1326 1487 1359 1518 et
1383 1485 1561 1527 privilegio
1585 1485 1636 1518 eis
1659 1485 1863 1527 competenti
1889 1485 1921 1517 in
1946 1485 2046 1518 dictis
2085 1484 2243 1525 ecclesia,
2276 1484 2327 1519 ci—
2348 1471 2396 1524 „s

500 1549 630 1581 miterio
655 1551 687 1581 et
711 1550 795 1588 orto,
820 1550 852 1581 et
877 1548 1029 1589 quolibet
1054 1549 1215 1589 ipsorum.
1242 1547 1321 1580 Item
1347 1548 1410 1580 hoc
1436 1547 1527 1580 stetit
1551 1549 1584 1580 et
1607 1549 1719 1580 actum
1744 1547 1806 1580 fuit
1842 1547 1927 1580 inter
1961 1547 2150 1589 predictum
2174 1545 2325 1581 Priorem
2370 1555 2374 1563 ²

499 1611 633 1644 nomine
659 1611 800 1652 predicti
825 1609 964 1643 Ordinis
989 1612 1021 1642 et
1045 1608 1245 1643 Conventus
1269 1618 1312 1642 ex
1349 1618 1416 1642 una
1455 1611 1560 1651 parte,
1584 1611 1617 1642 et
1652 1610 1840 1652 predictum
1876 1608 2090 1651 Prepositum
2130 1607 2323 1645 Guidonem
2342 1619 2347 1623 ’

499 1682 542 1706 ex
568 1673 681 1712 altera,
706 1673 798 1714 quod
824 1673 852 1705 si
877 1674 1055 1714 appareret
1079 1672 1230 1713 predicta
1255 1680 1421 1704 concessa
1460 1673 1492 1704 et
1517 1671 1652 1711 donata,
1688 1680 1749 1704 seu
1785 1671 1899 1713 aliqua
1923 1671 1966 1704 de
2005 1671 2168 1712 predictis
2205 1670 2323 1714 aliquo

499 1744 581 1768 casu
607 1735 716 1768 evinci
742 1735 795 1767 vel
821 1735 1002 1776 imbrigari‚
1028 1734 1069 1767 de
1095 1735 1164 1766 iure
1190 1734 1281 1766 dicto
1306 1733 1412 1766 Priori
1437 1734 1572 1766 nomine
1597 1734 1676 1766 dicti
1702 1732 1852 1773 Ordinis,
1869 1735 1902 1766 et
1918 1733 2010 1766 dicto
2034 1731 2164 1773 Ordini‚
2181 1732 2321 1775 quodei

498 1798 600 1830 stabit
626 1797 759 1829 nomine
796 1797 884 1829 dicte
921 1796 1065 1829 ecclesie
1102 1797 1134 1828 in
1171 1796 1345 1829 actoritate
1370 1797 1402 1828 et
1441 1795 1640 1829 defensione
1679 1796 1723 1829 ab
1763 1796 1853 1828 omni
1890 1804 2036 1837 persona
2071 1803 2147 1828 cum
2182 1794 2322 1837 ratione,

498 1862 530 1892 et
555 1860 583 1892 si
601 1859 781 1891 defendere
801 1868 866 1891 non
885 1859 1040 1900 potuerit,
1066 1860 1098 1891 et
1122 1858 1281 1891 damnum
1300 1858 1377 1891 inde
1395 1858 1583 1898 habuerint,
1600 1860 1706 1891 totum
1725 1858 1835 1900 ipsum
1853 1858 2024 1898 damnum,
2041 1858 2071 1890 ei
2088 1857 2323 1901 suprascripto

499 1922 632 1954 nomine
658 1921 790 1954 solvere
816 1930 855 1953 ac
881 1921 1054 1953 restituere
1088 1921 1252 1962 promisit,
1277 1920 1377 1953 simul
1413 1929 1490 1953 cum
1527 1921 1691 1962 expensis
1727 1920 1896 1960 omnibus,
1931 1929 1998 1962 que
2032 1920 2114 1953 fient
2147 1928 2210 1963 pro
2244 1919 2323 1963 ipso

499 1984 622 2016 damno
647 1984 804 2025 petendo.
830 1982 1011 2016 Credendo
1036 1983 1086 2015 eis
1111 1983 1345 2024 suprascripto
1370 1983 1504 2015 nomine
1530 1983 1562 2015 in
1588 1991 1652 2016 suo
1676 1983 1778 2022 dicto,
1804 1983 1877 2016 sine
1902 1984 2115 2016 sacramento
2152 1981 2321 2023 faciendo,
2344 1979 2403 2031 ’ἕξ-ζ,

498 2046 540 2078 de
565 2046 738 2087 expensis.
765 2045 804 2078 Et
829 2055 889 2087 pro
925 2045 1087 2086 predictis
1123 2045 1282 2077 omnibus
1307 2047 1339 2077 et
1363 2045 1507 2087 singulis
1532 2045 1748 2078 attendendis
1771 2047 1804 2078 et
1832 2044 2070 2084 observandis,
2093 2044 2208 2078 omnia
2231 2043 2322 2079 bona
2368 2039 2395 2073 ἶ

498 2109 586 2141 dicte
611 2108 754 2141 ecclesie
780 2107 813 2141 S.
838 2108 1011 2147 Mustiole,
1036 2110 1102 2140 tarn
1127 2108 1297 2149 presentia
1322 2117 1423 2149 quam
1447 2107 1559 2141 futura
1583 2108 1693 2140 eidem
1733 2107 1851 2147 Priori,
1891 2108 2026 2140 nomine
2065 2107 2145 2140 dicti
2181 2105 2323 2141 Ordinis

497 2173 530 2203 et
555 2169 764 2210 Conventus,
790 2171 919 2212 pigneri
945 2170 1119 2212 obligavit,
1145 2179 1186 2203 eo
1222 2170 1329 2209 salvo,
1366 2170 1458 2211 quod
1484 2170 1512 2203 si
1552 2172 1731 2212 appareret
1769 2170 1907 2212 aliquod
1946 2170 2060 2202 fictum
2085 2169 2156 2202 dari
2195 2169 2322 2204 debere
2423 2162 2426 2165 ⁴

497 2233 596 2267 alicui
622 2242 777 2275 persone,
803 2233 1023 2272 universitati,
1063 2232 1206 2266 ecclesie
1244 2232 1296 2265 vel
1337 2232 1492 2275 collegio,
1529 2233 1622 2274 quod
1658 2232 1771 2266 dictus
1800 2231 1905 2272 Prior,
1936 2232 2070 2265 nomine
2106 2231 2188 2265 dicti
2219 2230 2323 2268 ordi-
2367 2224 2397 2266 ῘῘἎ

498 2296 550 2328 nis
574 2296 697 2328 debeat
721 2297 753 2328 et
777 2297 929 2328 teneatur
954 2295 1035 2327 illud
1068 2295 1182 2327 fictum
1216 2294 1349 2327 solvere
1375 2295 1417 2327 de
1442 2297 1513 2328 toto
1537 2297 1688 2337 tempore
1713 2303 1782 2337 quo
1806 2295 1996 2335 deberetur,
2021 2304 2041 2328 a
2065 2297 2216 2336 tempore
2250 2302 2321 2336 quo

498 2360 661 2391 venerunt
685 2358 764 2390 dicti
790 2357 922 2390 Fratres
946 2357 988 2390 ad
1015 2357 1234 2390 habitandum
1260 2358 1292 2389 in
1318 2357 1408 2390 dicta
1432 2357 1578 2390 ecclesia
1603 2356 1636 2390 S.
1662 2356 1835 2397 Mustiole,
1860 2359 1892 2390 et
1927 2357 2050 2391 dehinc
2085 2358 2119 2390 in
2143 2358 2254 2398 antea,
2287 2358 2321 2391 et

497 2420 608 2453 dictus
634 2419 832 2461 Prepositus
858 2420 991 2452 nomine
1016 2419 1104 2452 dicte
1141 2419 1285 2452 ecclesie
1321 2421 1474 2452 teneatur
1509 2420 1642 2453 solvere
1677 2420 1804 2453 dictum
1828 2420 1953 2459 fictum,
1989 2420 2018 2453 si
2054 2419 2146 2461 quod
2177 2426 2346 2462 appare--
2371 2420 2395 2465 {j

498 2484 545 2514 ret
569 2492 588 2514 a
614 2482 766 2523 predicto
790 2484 941 2523 tempore
966 2484 1064 2521 retro,
1089 2482 1168 2523 quia
1194 2482 1243 2514 sic
1269 2482 1360 2514 stetit
1385 2482 1470 2514 inter
1493 2491 1564 2515 eos.
2338 2484 2341 2486 '
2390 2483 2398 2493 ‘

586 2544 626 2576 Et
651 2544 728 2576 inde
746 2544 826 2576 dicti
852 2543 1016 2583 Vicarius‚
1042 2543 1242 2585 Prepositus
1267 2546 1299 2576 et
1324 2541 1518 2585 Capitulum
1544 2544 1630 2577 hanc
1655 2544 1816 2577 cartulam
1852 2544 1922 2576 fieri
1947 2545 2172 2586 preceperunt
2202 2545 2236 2577 et
2266 2551 2322 2577 ro-

497 2599 670 2638 gaverunt.
697 2597 917 2630 Interfuerunt
942 2596 1101 2629 Isnardus
1130 2597 1330 2638 Mangiaria,
1367 2596 1482 2629 Victor
1517 2597 1742 2630 Mediabarba
1766 2599 1799 2630 et
1823 2597 1989 2630 lohannes
2025 2597 2067 2630 de
2092 2595 2246 2630 Gavazio
2275 2595 2320 2630 de

509 2658 633 2698 Laude,
658 2661 774 2692 testes.

587 2721 658 2763 Ego
684 2721 843 2754 Isnardus
868 2721 1057 2764 Mangiaria
1082 2721 1232 2754 notarius
1257 2719 1350 2754 Sacri
1377 2720 1495 2754 Palatii
1522 2722 1608 2754 hanc
1633 2723 1758 2755 cartam
1794 2722 1949 2755 traditam
1974 2730 1993 2754 a
2017 2722 2189 2763 quondam
2216 2721 2318 2755 tratre
2370 2713 2401 2770 ‘3

498 2781 663 2825 Gregorio
688 2786 780 2825 patre
806 2793 881 2816 meo
906 2781 968 2825 (1),
993 2784 1091 2816 cuius
1115 2784 1283 2816 breviaria
1308 2785 1387 2816 sunt
1411 2784 1490 2816 mihi
1517 2785 1710 2824 commissa,
1735 2784 1867 2826 scripsi.

555 2940 585 2967 (l)
599 2941 711 2967 Gregorio
725 2941 863 2968 Mangiaria,
877 2941 964 2968 notaio,
980 2942 1019 2968 qui
1035 2942 1152 2964 ricordato
1173 2947 1239 2964 come
1259 2941 1327 2968 irate,
1342 2947 1381 2963 era
1436 2941 1498 2968 quali
1513 2946 1559 2963 non
1573 2946 1612 2962 era
1627 2941 1716 2962 vietato
1729 2940 1744 2962 il
1760 2940 1914 2962 matrimonio.

503 2991 549 3007 uno
564 2985 600 3006 dei
616 2985 731 3007 numerosi
752 2986 851 3007 terziarii
875 2986 935 3012 degli
958 2986 1059 3008 Umiliati
1082 2992 1096 3008 o
1118 2986 1154 3008 dei
1174 2986 1338 3013 Francescani,
1361 2986 1383 3007 ai
