2496 3600
2234 350 2283 398 μὴ..
2282 362 2298 374 ,ι

471 389 668 430 computum
705 387 881 422 soldorum
905 388 1023 422 decem
1049 390 1082 422 et
1105 390 1184 422 octo
1208 389 1425 432 papiensium
1449 389 1540 423 omni
1565 398 1656 424 anno
1681 397 1791 434 usque
1814 390 1848 424 in
1872 392 2085 435 perpetuum,
2109 393 2147 425 ut
2168 388 2259 429 ibi

471 449 538 491 ipsi
562 449 690 483 domini
727 449 846 484 Abbas
871 452 903 484 et
927 449 1092 484 Canonici
1117 459 1158 484 ac
1183 451 1276 493 prior
1310 451 1471 484 dixerunt
1493 453 1526 485 et
1550 452 1726 494 protestati
1761 451 1898 486 fuerunt
1920 461 1961 487 ac
1990 453 2110 488 dicunt
2131 457 2166 487 et
2187 461 2242 498 p
2260 432 2285 463 ⁷

471 514 613 564 stantur,
637 514 670 546 et
693 513 736 546 de
761 514 888 555 quibus
913 513 1141 546 sediminibus
1165 513 1200 546 tit
1225 513 1358 546 mencio
1384 514 1415 546 in
1442 513 1609 548 sententia
1632 514 1782 549 arbitrali
1809 514 1875 549 lata
1888 523 1949 558 per
1965 487 2299 575 Reverendizsintffgff

471 577 599 617 patrem
625 577 657 608 et
681 575 856 608 dominum
883 575 1060 608 dominum
1085 573 1286 608 Cosmatum
1312 574 1399 608 tituli
1423 577 1542 610 sancte
1566 574 1690 610 Crucis
1714 577 1748 610 in
1773 575 1955 611 ierusalem
1972 578 2199 620 presbiterum
2239 595 2241 597 ·

471 637 618 670 dinalem
644 637 722 670 olim
748 637 910 670 arbitrum
935 638 968 670 et
992 637 1226 670 arbitratorem
1251 638 1468 672 concorditer
1483 638 1640 672 ellectum
1665 647 1726 681 per
1748 641 1782 673 et
1805 639 1893 673 inter
1916 639 2012 682 ipsas
2035 642 2161 683 partes.

564 699 643 733 item
669 702 701 733 et
727 709 788 742 pro
813 699 982 741 completa
1008 699 1184 732 solucione
1209 700 1320 733 tocius
1344 699 1430 740 eius,
1455 700 1548 742 quod
1573 701 1618 734 ab
1642 701 1730 744 ipsis
1763 700 1912 735 dominis
1947 701 2060 745 priore
2082 703 2116 736 et
2138 701 2270 755 fratriq-⁴

473 765 587 804 petere
611 764 752 804 possent
777 771 796 795 a
821 762 1056 804 suprascripto
1081 762 1223 795 termino
1247 755 1336 796 retro
1353 763 1534 796 occasione
1550 763 1618 796 ficti
1636 763 1815 797 cuiusdam
1831 763 1972 798 alterius
1987 764 2166 799 sediminis
2187 766 2239 800 ta·

473 825 579 858 larum
604 827 750 866 quatuor
775 825 828 856 siti
856 826 891 856 ut
915 832 1030 866 supra,
1056 824 1150 866 quod
1174 824 1218 857 ab
1243 825 1374 858 eisdem
1399 824 1547 858 dominis
1571 825 1696 860 abbate
1721 827 1754 859 et
1777 826 1954 860 canonicis
1978 826 2114 860 nomine
2129 826 2240 861 dicti·
2306 871 2307 875 Ἰ

473 887 610 920 nasterii
637 888 751 919 tenent
775 886 817 919 ad
843 887 958 919 fictum
985 895 1096 928 usque
1121 886 1164 920 ad
1189 886 1317 920 dictum
1343 887 1540 920 terminum
1547 887 1718 921 finiturum
1737 888 1770 921 in
1787 888 1880 922 dicto
1902 888 1992 923 festo
2015 889 2124 923 sancti
2149 889 2265 924 Marti
2273 882 2317 925 152.

472 950 514 983 ad
541 950 736 991 computum
763 949 977 982 denar-iorum
1003 951 1082 982 octo
1107 949 1321 992 papiensium
1347 950 1436 982 omni
1455 959 1545 983 anno
1562 950 1817 991 solvendorum,
1835 950 2018 986 liberantes
2033 953 2067 985 et
2081 950 2242 986 absolvw
2300 947 2306 950 ⁷

472 1012 659 1054 supradicti
692 1011 853 1044 dominus
878 1012 988 1044 abbas
1012 1013 1044 1044 et
1068 1012 1224 1045 canonici
1250 1012 1324 1045 suis
1349 1013 1381 1045 et
1404 1012 1507 1046 dictis
1532 1013 1728 1047 nominibus
1751 1013 1920 1056 prefatum
1944 1013 2119 1048 dominum
2154 1022 2179 1057 p
2216 968 2298 1056 13⁷(

473 1084 536 1108 suo
562 1076 593 1107 et
618 1075 709 1107 dicto
735 1075 869 1106 nomine
895 1074 1114 1116 stipulantem
1140 1075 1184 1108 ab
1209 1075 1299 1107 omni
1325 1083 1366 1108 eo
1391 1076 1424 1108 et
1447 1075 1492 1108 ab
1516 1075 1676 1108 omnibus
1694 1076 1760 1109 hiis
1777 1084 1844 1118 que
1860 1076 1930 1109 ab·
1923 1076 2009 1118 ipsis
2025 1076 2174 1110 dominis
2190 1076 2286 1143 pri'fj

473 1140 505 1170 et
531 1137 690 1170 fratribus
715 1146 734 1170 a
760 1137 913 1178 predicto
937 1136 1026 1169 festo
1051 1137 1159 1170 sancti
1186 1137 1323 1171 Martini
1349 1137 1504 1179 proxime
1529 1140 1673 1171 venturo
1698 1140 1786 1172 retro
1810 1138 1974 1180 predictis
1989 1138 2270 1175 occasionibus

473 1200 587 1242 aliqua
613 1201 763 1241 ipsarum
790 1202 904 1241 petere
930 1202 1073 1241 possent
1098 1208 1159 1232 seu
1185 1199 1311 1233 vellent
1336 1209 1397 1242 per
1420 1201 1626 1242 aquilianam
1651 1200 1906 1243 stipulationem
1931 1201 2170 1243 precedentem
2187 1203 2254 1236 et

473 1263 735 1304 ceptiliationem
761 1263 1028 1304 subsequentem
1055 1262 1181 1296 ibidem
1207 1262 1403 1296 solemniter
1427 1263 1671 1305 interpositam.
1708 1262 2029 1306 Renunciantesque
2053 1264 2119 1306 ipsi
2142 1265 2249 1298 dom
2270 1231 2299 1269 J

472 1326 581 1358 abbas
595 1327 627 1358 et
640 1325 794 1357 canonici
813 1325 1006 1366 exceptioni
1025 1334 1092 1357 non
1110 1325 1301 1358 habitorum
1316 1327 1348 1358 et
1362 1327 1573 1367 receptorum
1591 1325 1820 1367 predictorum
1837 1326 2052 1359 denariorum
2066 1323 2277 1369 suprascr!

473 1388 656 1420 occasione
682 1389 714 1420 et
741 1387 814 1428 spei
840 1386 950 1420 future
975 1387 1178 1429 receptionis
1196 1389 1228 1420 et
1246 1397 1312 1420 non
1331 1387 1418 1421 facte
1435 1388 1606 1429 presentis
1623 1387 1852 1421 confessionis
1868 1390 1901 1421 et
1917 1388 2127 1422 liberationis
2143 1397 2223 1423 omn
2299 1395 2308 1430 j

472 1450 528 1483 alii
554 1450 627 1489 iuri,
656 1450 849 1492 exceptioni
875 1451 908 1482 et
931 1449 1132 1482 deffensioni
1150 1459 1189 1482 ac
1207 1450 1367 1483 omnibus
1391 1450 1660 1492 probacionibus
1677 1451 1710 1483 et
1726 1450 1863 1484 testium
1888 1450 2172 1492 productionibus
2195 1438 2309 1494 -sw-*f

473 1513 624 1555 predicta
649 1513 761 1544 omnia
787 1514 818 1544 et
844 1512 1001 1553 singulla.
1028 1511 1068 1544 Et
1093 1512 1170 1544 inde
1196 1512 1276 1545 dicti
1302 1512 1430 1544 domini
1456 1511 1586 1551 Abbas,
1611 1511 1708 1546 Prior
1724 1514 1757 1546 et
1773 1510 1939 1546 Canonici
1965 1513 2039 1546 suis
2062 1515 2095 1547 et
2119 1500 2306 1558 dictis

473 1575 622 1607 minibus
647 1575 688 1607 de
714 1574 876 1616 predictis
902 1575 988 1607 hanc
1015 1576 1141 1607 cartam
1167 1574 1237 1607 fieri
1264 1576 1479 1617 rogaverunt.
1517 1573 1740 1608 Presentibus
1772 1575 1912 1608 domino
1937 1574 2054 1609 Blasio
2077 1575 2120 1609 de
2145 1574 2215 1611 Bec

471 1637 542 1670 filio
567 1637 607 1669 D.
634 1637 774 1676 Alberti,
800 1637 993 1679 Augustino
1018 1637 1060 1670 de
1086 1637 1232 1670 Morbiis
1257 1637 1327 1670 tilio
1351 1637 1524 1679 quondam
1549 1637 1689 1671 alterius
1713 1636 1907 1680 Augustini,
1939 1637 2157 1672 Bartolomeo
2181 1638 2225 1673 de

474 1709 580 1742 perno
604 1700 673 1732 filio
699 1700 872 1741 quondam
899 1699 1034 1732 Antonii
1061 1701 1093 1732 et
1118 1698 1266 1732 Antonio
1291 1699 1333 1732 de
1358 1699 1433 1732 Ylia
1457 1700 1500 1732 de
1524 1698 1652 1734 Casalli
1678 1700 1756 1733 inde
1780 1690 1927 1734 testibus
1944 1701 2035 1734 notis
2058 1702 2091 1735 et
2114 1701 2159 1735 ad
2182 1710 2202 1736 s

475 1763 601 1804 scripta
626 1763 758 1795 vocatis
783 1764 815 1795 et
841 1763 978 1804 rogatis.
1004 1762 1076 1804 Ego
1102 1762 1246 1795 lacobus
1271 1762 1314 1795 de
1339 1760 1495 1795 Canibus
1519 1762 1679 1804 publicus
1704 1763 1882 1805 papiensis
1906 1764 2106 1798 auctoritate
2134 1764 2205 1806 imp
2227 1749 2310 1812 ⁹53⁷]ss

475 1825 626 1858 notarius
651 1825 738 1858 hanc
763 1827 889 1857 cartam
916 1825 995 1857 mihi
1021 1825 1092 1857 fieri
1118 1826 1257 1867 rogatus
1282 1825 1428 1858 traddidi
1454 1827 1487 1858 et
1511 1825 1646 1867 scripsi.
2267 1818 2270 1819 ⁷
2292 1814 2301 1821 Ἴ

1282 2079 1493 2122 CXVII.

564 2189 760 2219 Riassunto
785 2189 842 2219 del
874 2200 888 2213 «
911 2189 1020 2219 Liber
1045 2198 1282 2227 expensarum
1306 2204 1320 2217 »
1350 2198 1414 2227 per
1437 2190 1461 2219 l'
1478 2198 1570 2220 anno
1595 2197 1683 2227 1397.

1050 2313 1207 2346 1397,
1228 2313 1731 2347 nnaggio-ottobre.

1077 2400 1146 2427 (Bibl.
1162 2401 1230 2424 Univ.
1246 2401 1269 2423 di
1285 2400 1357 2424 PaVIa
1370 2412 1398 2417 -—
1411 2401 1471 2425 cod.
1486 2407 1509 2424 u.
1523 2401 1572 2430 509,
1587 2401 1625 2429 gi&
1642 2401 1696 2429 131).

491 2596 493 2696 Ξ
511 2538 718 2705 N
715 2604 768 2632 ΕΙ.
791 2608 880 2633 mese
904 2600 941 2633 di
962 2600 1150 2642 Maggio«
1136 2600 1202 2633 «ln
1227 2601 1345 2642 primis
1362 2601 1418 2634 die
1442 2610 1464 2633 x
1489 2600 1568 2634 dedi
1587 2601 1644 2633 uni
1669 2601 1833 2643 magistro
1850 2600 1908 2642 qui
1927 2600 2095 2634 laboravit
2111 2609 2172 2643 per
2186 2568 2321 2644 diesi*

715 2663 788 2745 'ad
812 2662 1006 2696 faciendum
1032 2663 1201 2696 caminum
1223 2663 1419 2697 reverendis
1444 2662 1604 2697 Patribus
1621 2665 1654 2696 et
1669 2663 1714 2697 ad
1730 2663 1975 2697 destruendum
1999 2664 2169 2696 caminum
2193 2659 2284 2698 Re
2300 2653 2325 2711 '

601 2682 718 2764 *i
745 2726 838 2759 rendi
864 2726 1015 2769 magistri
1041 2725 1203 2759 Bartolini
1220 2727 1263 2759 de
1281 2725 1500 2767 Alexandria,
1517 2727 1550 2760 et
1565 2726 1610 2760 ad
1627 2725 1822 2760 faciendum
1839 2735 1944 2759 unum
1968 2725 2149 2760 armarium
2165 2726 2200 2759 in
2216 2733 2249 2760 c
2306 2711 2312 2715 ⁷

475 2796 569 2820 sua»
500 2761 677 2821 *Wel
698 2787 817 2830 Luglio
840 2789 873 2822 si
887 2788 976 2830 sa«
993 2797 1096 2821 unum
1123 2789 1271 2822 hostium
1297 2789 1329 2821 in
1355 2788 1442 2822 cella
1467 2787 1656 2823 Reverendi
1674 2789 1827 2832 magistri
1851 2787 2025 2822 Bartolini.
2057 2787 2176 2822 «Nell’
2176 2789 2259 2822 otta»
2281 2793 2334 2831 ξ

475 2850 507 2883 si
521 2849 565 2891 sa
596 2861 610 2874 «
627 2860 730 2883 unum
756 2851 926 2884 caminum
952 2851 985 2884 in
1011 2850 1096 2885 cella
1121 2850 1308 2886 Reverendi
1335 2851 1486 2893 magistri
1512 2850 1675 2884 Bartolini
1699 2851 1743 2884 de
1768 2849 2007 2884 Alexandria»
