2496 3600
496 397 600 422 aureo
624 387 829 431 papiensem
853 388 1042 422 secundum
1066 390 1216 421 tenorem
1242 386 1396 429 rescripti
1421 388 1483 420 seu
1508 386 1678 420 literarum
1713 386 1977 430 apostolicarum
2001 387 2107 431 gratie
2131 387 2319 431 supradicti

489 450 622 484 -domini
648 459 736 493 pape
761 459 865 493 super
889 450 1051 493 predictis
1074 457 1315 483 concessarum
1339 457 1401 482 seu
1426 448 1582 482 concessi
1607 446 1727 483 Ordini
1751 448 1934 491 antedicto,
1956 450 1990 484 et
2013 449 2057 484 ad
2080 450 2319 493 occupandum

495 513 555 538 seu
581 504 825 547 acquirendum
861 506 894 538 et
931 503 1140 537 retinendum
1180 503 1366 536 dominium
1406 501 1544 544 plenum
1568 504 1602 536 et
1625 511 1686 536 seu
1711 504 1861 536 tenutam
1885 505 1918 537 et
1941 503 2153 546 corporalem
2177 512 2319 547 posses-

494 567 624 600 sionem
650 567 834 600 eorundem
860 566 912 600 vel
938 566 1077 599 alterius
1113 575 1155 598 ex
1192 565 1333 604 eisdem,
1358 566 1390 598 et
1414 564 1616 608 generaliter
1639 565 1682 599 ad
1707 565 1820 600 omnia
1843 567 1877 599 et
1900 565 2035 609 singula
2070 565 2227 600 facienda
2251 575 2318 610 que

493 630 525 662 in
551 630 713 672 predictis
738 631 770 662 et
795 629 884 662 circa
909 628 1061 671 predicta
1085 627 1207 661 fuerint
1231 629 1424 670 opportuna
1448 627 1548 661 etiam
1573 628 1602 663 si
1628 628 1823 662 mandatum
1862 629 2019 672 exigatur
2057 628 2219 672 speciale,
2254 637 2317 664 nec
2348 626 2396 678 „3ss

493 701 560 725 non
585 693 628 725 ad
653 691 889 733 accipiendum
930 692 1046 724 mutuo
1086 690 1187 723 dictis
1211 690 1253 723 de
1279 690 1394 724 causis
1419 690 1472 724 vel
1497 690 1588 724 dicta
1612 690 1655 724 de
1679 699 1784 724 causa
1823 699 2058 733 quascumque
2097 691 2317 734 pecuniarum
2364 688 2387 731 ,ζ

494 755 700 796 quantitates
724 763 744 787 a
768 762 983 796 quacumque
1016 761 1077 786 seu
1110 753 1385 795 quibuscumque
1410 761 1558 795 persona
1582 753 1635 787 vel
1660 753 1828 796 personis,
1845 752 1991 796 collegio
2014 753 2068 787 vel
2086 753 2317 796 universitate,

492 817 596 850 semel
622 819 653 850 et
678 817 816 859 pluries,
841 818 874 849 et
898 816 1180 858 quotiescumque
1206 815 1238 848 in
1263 815 1422 849 omnibus
1447 814 1624 858 premissis
1648 815 1702 849 vei
1727 815 1843 858 aliquo
1866 816 2108 858 premissorum
2132 815 2232 850 fuerit
2254 825 2319 860 op-

492 882 683 922 portunum,
708 881 741 912 et
765 879 851 920 ipsis
875 878 1153 920 procuratoribus
1178 877 1232 911 vel
1257 886 1372 911 eorum
1397 877 1492 911 alteri
1529 877 1700 911 videbitur
1733 877 1909 920 expedire,
1933 880 1967 912 et
1989 878 2033 912 ad
2069 877 2315 922 obbligandum
2354 879 2378 927 ss

490 951 539 982 se,
564 943 768 975 conventum
793 941 993 983 papiensem
1018 942 1051 974 et
1075 940 1228 974 ordinem
1251 949 1291 974 ac
1317 941 1429 983 ipsum
1453 940 1603 974 officium
1627 941 1694 974 sub
1717 949 1935 983 quocumque
1951 942 2068 975 tenore
2091 942 2126 975 et
2149 940 2315 977 clausulis

489 1005 667 1047 oportunis
691 1004 734 1038 ad
759 1013 898 1038 sensum
923 1006 956 1037 et
980 1013 1094 1038 curam
1120 1003 1211 1038 illius
1235 1003 1289 1037 vel
1313 1003 1447 1037 iliorum
1470 1013 1492 1037 a
1515 1013 1585 1046 quo
1610 1004 1663 1038 vel
1687 1013 1708 1038 a
1731 1003 1859 1046 quibus
1875 1005 2027 1038 mutuum
2045 1003 2235 1047 receperint
2256 1013 2317 1039 oea-
2342 991 2378 1039 §j

490 1067 689 1100 casionibus
713 1066 932 1109 supradictis,
957 1068 1057 1108 prout
1081 1066 1182 1100 dictis
1206 1066 1497 1108 procuratoribus,
1521 1066 1696 1109 scyndicis
1721 1065 1774 1100 vel
1798 1066 1972 1100 actoribus
2001 1065 2055 1100 vel
2090 1066 2186 1100 alteri
2221 1066 2318 1111 ipso-

489 1139 560 1162 rum
587 1129 769 1162 insolidum
795 1129 1000 1162 iudicabitur
1023 1129 1187 1171 expedire
1212 1131 1245 1162 et
1268 1129 1312 1162 ad
1338 1129 1604 1162 renuntiationes
1629 1137 1865 1171 quascumque
1888 1128 2066 1163 faciendas
2089 1129 2123 1162 in
2152 1128 2316 1172 predictis
2332 1124 2384 1166 '²15

487 1194 520 1225 et
544 1192 633 1225 circa
658 1191 811 1234 predicta
835 1193 868 1224 et
892 1191 935 1224 ad
961 1191 1239 1225 satisfaciendum
1265 1191 1343 1224 inde
1368 1191 1469 1224 dictis
1493 1190 1721 1224 creditoribus
1744 1190 1868 1224 tuturis
1893 1190 1984 1225 dicta
2007 1191 2051 1224 de
2075 1199 2192 1225 causa.
2230 1189 2316 1226 Pro·

487 1255 623 1287 mittens
641 1254 730 1287 idem
755 1254 915 1287 dominus
939 1253 1109 1296 generalis
1133 1254 1268 1287 nomine
1294 1262 1358 1287 suo
1375 1255 1408 1287 et
1432 1253 1513 1287 dicti
1539 1252 1679 1287 Ordinis
1704 1262 1913 1296 suorumque
1937 1253 1970 1286 in
1997 1253 2090 1287 dicto
2105 1253 2220 1288 officio
2236 1261 2322 1296 suc·v
2358 1239 2390 1284 ⁷.

486 1325 662 1350 cessorum
688 1318 854 1358 perpetuo
879 1318 960 1356 rata,
985 1318 1080 1359 grata
1104 1318 1137 1349 et
1160 1316 1255 1349 firma
1280 1316 1416 1356 habere,
1441 1316 1624 1349 observare
1649 1317 1683 1349 et
1706 1315 1892 1358 adimplere
1913 1315 2082 1358 quidquid
2106 1324 2168 1358 per
2201 1315 2316 1351 dictos
2366 1308 2390 1313 ..

486 1381 724 1421 procuratores
749 1378 802 1411 vel
828 1387 944 1411 eorum
969 1378 1117 1420 aliquem
1142 1378 1175 1411 in
1200 1378 1378 1420 premissis
1402 1379 1435 1411 et
1459 1377 1604 1421 singulis
1628 1377 1872 1420 premissorum
1888 1379 2001 1412 actum
2016 1377 2117 1411 tuerit
2132 1385 2196 1412 seu
2211 1375 2314 1413 eua‘m
2351 1379 2386 1417 ᾖ

486 1443 714 1483 procuratum.
740 1440 868 1474 Volens
893 1441 1004 1474 dictos
1029 1442 1267 1482 procuratores
1291 1442 1324 1473 et
1347 1449 1464 1473 eorum
1489 1439 1676 1482 quemlibet
1691 1440 1736 1473 ab
1752 1440 1843 1473 omni
1861 1439 2096 1474 satisdationis
2113 1448 2216 1474 onere
2228 1428 2316 1478 ῆῐοῖ

486 1513 578 1543 vare,
603 1503 778 1545 promissit
803 1503 903 1536 michi
929 1503 1070 1536 Notario
1095 1502 1310 1545 infrascripto
1328 1502 1475 1545 legitime
1500 1505 1534 1536 et
1557 1501 1753 1536 solemniter
1776 1502 1951 1544 stipulanti
1976 1504 2010 1535 et
2034 1501 2208 1545 recipienti
2233 1500 2311 1538 viee

486 1568 519 1599 et
544 1566 678 1599 nomine
703 1566 851 1598 omnium
877 1574 1021 1607 quorum
1062 1565 1201 1598 interest
1225 1565 1279 1598 vel
1304 1565 1469 1599 interesse
1505 1565 1628 1607 poterit
1662 1564 1920 1607 quomodolibet
1944 1565 1978 1598 in
2001 1564 2150 1598 futurum
2185 1563 2314 1600 iudicio
2351 1567 2391 1610 ‚5²

486 1629 560 1662 sisti
586 1631 618 1661 et
643 1629 827 1661 iudicatum
852 1628 940 1661 solvi
966 1637 1042 1661 cum
1060 1628 1219 1661 omnibus
1236 1628 1310 1661 suis
1327 1627 1491 1661 clausulis
1507 1627 1686 1670 oportunis
1702 1627 1769 1661 sub
1785 1627 1955 1670 ypotheca
1970 1629 2004 1660 et
2020 1626 2228 1670 obligatione
2239 1635 2315 1664 om-

493 1692 584 1724 nium
610 1691 775 1723 bonorum
800 1689 940 1723 Ordinis
964 1690 1162 1732 supradicti.
1187 1689 1308 1723 Actum
1345 1689 1513 1723 Avinione
1549 1690 1582 1722 in
1619 1689 1695 1723 loco
1719 1689 1800 1723 dicti
1825 1688 1966 1723 Ordinis
1998 1689 2138 1723 tratmm
2169 1683 2315 1724 heremi-
2352 1688 2398 1714 ³2

485 1756 605 1793 tarum,
629 1753 847 1795 presentibus
871 1753 1030 1786 discretis
1054 1753 1136 1785 viris
1161 1752 1332 1794 magistris
1357 1752 1504 1786 Iohanne
1529 1752 1571 1785 de
1597 1761 1766 1795 mangano
1789 1751 1832 1785 de
1857 1750 1965 1794 Papia
1994 1752 2161 1785 canonico
2195 1750 2313 1794 valeng-

484 1816 608 1849 tinensi
634 1815 811 1857 papiensis
835 1815 985 1848 diocesis
1011 1815 1186 1856 utriusque
1211 1815 1294 1847 iuris
1318 1814 1427 1857 perito
1451 1815 1485 1847 in
1510 1813 1662 1849 Romana
1686 1812 1790 1848 Curia
1813 1814 1994 1854 advocato,
2026 1813 2128 1848 Petro
2162 1812 2313 1851 Aiexan-

486 1878 536 1910 dri
562 1878 686 1911 clerico
711 1878 892 1910 aretinensi
917 1879 950 1910 et
974 1877 1134 1920 religioso
1160 1877 1232 1910 viro
1256 1877 1356 1910 tratre
1374 1876 1522 1910 Iohanne
1539 1877 1582 1910 de
1606 1878 1719 1910 monte
1736 1877 1816 1910 dicti
1834 1875 1974 1910 Ordinis
1991 1878 2024 1910 et
2041 1875 2224 1911 Francisco
2238 1884 2315 1911 are-

485 1940 544 1973 tini
570 1940 612 1972 de
637 1939 742 1972 aretio
766 1939 912 1972 testibus
937 1939 979 1972 ad
1005 1939 1158 1980 predicta
1183 1938 1379 1981 specialiter
1402 1939 1536 1972 vocatis
1560 1940 1593 1972 et
1617 1939 1755 1981 rogatis.

575 2001 615 2034 Et
639 2010 704 2044 ego
729 2000 925 2034 Alexander
949 2001 1060 2043 Egidii
1085 2001 1128 2034 de
1165 1999 1327 2034 Guarano
1363 2001 1524 2043 publicus
1559 2002 1677 2034 sancte
1701 1999 1852 2035 Romane
1888 1999 2043 2034 Ecclesie
2078 2002 2112 2034 et
2145 1998 2312 2044 imperiali

485 2042 684 2098 auctoritate
709 2064 861 2097 notarius
885 2064 1049 2105 predictis
1073 2063 1232 2097 omnibus
1257 2065 1290 2097 et
1313 2063 1459 2106 singulis
1483 2072 1551 2096 una
1575 2072 1652 2097 cum
1679 2063 1924 2106 suprascriptis
1940 2063 2087 2097 testibus
2102 2070 2246 2106 presens
2261 2062 2314 2097 in—

485 2126 583 2159 terfui
609 2128 747 2168 rogatus
772 2126 894 2167 scripsi
920 2127 952 2158 et
977 2126 1009 2158 in
1035 2126 1122 2158 hanc
1146 2125 1318 2168 publicam
1342 2125 1484 2159 formam
1509 2125 1624 2168 redegi
1661 2134 1842 2168 meumque
1877 2125 2012 2168 signum
2047 2124 2195 2168 apposui
2230 2132 2315 2160 con—
2358 2116 2393 2174 J
2425 2155 2428 2158 Δ

486 2190 620 2222 suetum
647 2189 679 2221 in
703 2188 934 2221 testimonium
960 2188 1215 2230 premissorum.
