2496 3600
726 0 729 7 ⁴
782 0 868 15 '²‘
886 0 915 14 '³'-
929 0 989 21 ³5-ss
1047 0 1070 21 ³5³
1119 0 1141 15 ἒ*
1162 0 1200 14 ''³‘'
1215 0 1653 44 ysnwfflzwmffifffflffgm
1671 9 1672 12 ¹
1692 13 1706 18 -
1717 1 1789 28 “W
1807 2 1980 24 f›²¹.÷;:÷::z;.-,u'—ssw.
2087 5 2206 28 marium.

1304 41 1319 53 ‹-
1334 43 1335 47 =
1830 45 1834 50 r
1918 45 1925 58 ;
1936 42 1982 52 ,wa
2023 49 2026 50 ⁷
2083 47 2086 48 a
2139 44 2141 49 ,

525 239 589 272 174

519 374 666 415 priorem
690 376 722 408 et
745 374 865 408 fratres
889 378 1080 409 conventus
1105 375 1342 408 heremitarum
1378 377 1495 408 contra
1530 376 1610 408 tunc
1645 374 1813 408 Abbatem
1838 377 1871 409 et
1895 373 2092 410 Canonicos
2122 376 2202 410 dicti
2227 385 2344 411 mona·
2396 391 2423 427 ³1,

518 437 610 469 sterii
636 446 749 471 coram
774 438 1008 479 suprascripto
1032 438 1171 470 domino
1196 437 1353 470 Montino
1378 439 1458 470 tunc
1476 436 1728 471 Archidiacono
1745 439 1777 471 et
1789 438 2050 479 subexecutore,
2068 440 2104 472 ut
2120 447 2236 481 supra,
2252 439 2344 473 trad-

517 499 624 532 ditum
649 502 681 532 et
706 502 859 542 rogatum
896 500 1075 533 millesimo
1112 500 1350 533 trecentesimo
1386 499 1673 542 quinquagesimo
1708 501 1842 541 octavo,
1867 501 1923 535 die
1947 501 2082 535 decimo
2117 510 2208 535 nono
2232 502 2341 536 martii
2392 504 2418 538 τί

518 570 577 603 per
602 560 795 604 Roglerium
820 560 1052 604 Strazapatam
1078 562 1244 594 notarium
1270 562 1471 603 papiensem
1489 559 1550 603 (1).

607 623 686 657 ltem
713 625 972 657 instrumentum
998 633 1101 656 unum
1127 623 1314 656 ellectionis
1340 624 1452 657 nuncii
1477 626 1510 657 et
1534 625 1807 666 presentacionis
1843 625 2027 659 litterarum
2067 626 2187 668 prelati
2212 627 2340 661 domini
2393 639 2412 666 ,ζ

517 686 663 719 Montini
689 686 913 729 subdelegati,
939 686 1027 719 facte
1052 686 1286 728 suprascripto
1310 686 1449 719 domino
1474 686 1598 720 Iacobo
1622 687 1749 728 abbati,
1780 687 1962 722 tradditum
1988 697 2049 731 per
2071 690 2341 732 suprascriptum

516 748 708 791 Roglerium
734 749 776 782 de
801 747 1010 790 Strazapatis
1035 749 1202 781 notarium
1227 749 1440 791 papiensem,
1465 758 1556 783 anno
1579 751 1613 783 et
1636 749 1691 782 die
1716 751 1962 793 suprascriptis
1978 748 2040 792 (2).

605 810 683 844 Item
709 811 969 843 instrumentum
996 820 1100 843 unum
1125 811 1364 844 extimacionis
1380 813 1413 844 et
1429 811 1676 845 declaracionis
1693 811 1782 845 tacte
1798 821 1860 854 per
1876 813 2146 856 suprascriptum
2163 814 2339 849 dominum

519 873 712 906 Montinum
738 873 1048 906 Archidiachonum
1075 875 1107 906 et
1131 873 1415 906 subexecutorem
1441 875 1477 906 ut
1500 882 1615 916 supra,
1639 874 1683 907 de
1707 874 1923 917 infrascripto
1947 875 2123 916 sedimine,
2158 876 2342 911 tradditum
2375 890 2403 926 35

516 945 576 977 per
600 936 869 977 suprascriptum
895 934 1090 977 RoglerIum
1115 935 1158 968 de
1183 934 1392 978 Strazapatis
1417 937 1595 976 notarium,
1619 945 1709 970 anno
1733 939 1767 970 et
1790 937 1846 971 die
1869 939 2124 980 suprascriptis.
2346 943 2349 944 ’

606 998 685 1030 ltem
711 998 969 1030 instrumentum
995 1007 1097 1030 unum
1123 998 1337 1031 vendicionis
1354 998 1442 1032 facte
1467 1007 1526 1041 per
1549 999 1820 1042 suprascriptum
1837 1000 2011 1034 dominum
2028 1000 2164 1034 fratrem
2182 1001 2341 1036 iacobum
2372 989 2395 1042 ζ,

513 1061 682 1100 abbatem,
707 1060 893 1093 canonicos
918 1062 950 1093 et
975 1062 1179 1094 conventum
1204 1061 1285 1094 dicti
1311 1061 1506 1094 monasterii
1532 1061 1633 1095 dictis
1658 1062 1760 1104 priori
1785 1064 1818 1095 et
1842 1062 2004 1096 tratribus
2036 1064 2272 1099 heremitarum
2297 1065 2341 1099 de
2366 1057 2412 1107 -Ῠς

515 1123 663 1155 brachiis
688 1123 839 1164 quinque
865 1132 907 1155 ex
934 1122 990 1156 illa
1014 1123 1117 1156 domo
1141 1132 1203 1156 seu
1227 1123 1352 1156 casella
1377 1123 1465 1156 sollo
1489 1125 1522 1157 et
1545 1123 1652 1157 fondo
1676 1133 1714 1158 se
1738 1126 1873 1158 tenente
1898 1134 1973 1158 cum
1999 1125 2066 1159 illis
2091 1126 2240 1160 brachiis
2263 1128 2341 1161 octo

514 1187 546 1217 et
571 1186 691 1226 quarta
717 1194 794 1224 una,
820 1185 942 1218 domus
979 1185 1116 1218 vendite
1140 1186 1226 1219 alias
1251 1195 1311 1228 per
1335 1186 1462 1218 dictum
1498 1186 1658 1219 abbatem
1695 1187 1794 1220 dictis
1831 1188 1933 1229 priori
1959 1190 1992 1221 et
2015 1188 2188 1228 tratribus,
2211 1189 2340 1231 quibus
2379 1194 2417 1236 2³²

515 1248 653 1280 brachia
678 1248 830 1289 quinque
856 1248 1016 1281 coherent
1041 1250 1103 1281 etc.
1129 1257 1191 1290 pro
1216 1249 1332 1290 precio
1367 1248 1527 1282 librarum
1564 1249 1747 1282 ducentum
1780 1250 1899 1293 viginti
1924 1251 2139 1292 papiensium
2163 1252 2227 1285 etc.
2250 1251 2343 1286 trad·

514 1311 621 1342 ditum
647 1319 708 1352 per
732 1311 1003 1352 suprascriptum
1041 1310 1233 1353 Roglerium
1270 1309 1502 1353 Strazapatam
1540 1313 1706 1345 notarium
1734 1321 1824 1346 anno
1850 1321 1950 1346 curso
1975 1313 2155 1347 millesimo
2178 1315 2344 1348 trecente-

514 1374 601 1406 simo
626 1373 912 1415 quinquagesimo
937 1375 1069 1413 octavo,
1094 1374 1149 1406 die
1175 1374 1308 1407 decimo
1333 1383 1424 1407 nono
1449 1376 1577 1408 mensis
1602 1375 1715 1408 Martii
1733 1373 1795 1417 (3).
2374 1364 2414 1423 ᾗ

604 1436 684 1469 Item
710 1437 968 1469 instrumentum
995 1446 1098 1469 unum
1123 1437 1337 1470 vendicionis
1361 1437 1449 1470 facte
1474 1447 1535 1480 per
1557 1438 1828 1480 suprascriptum
1865 1438 1999 1472 fratrem
2040 1438 2237 1482 Philippum
2261 1441 2350 1474 tunc*
2384 1425 2415 1477 ³¹1³]

512 1499 671 1531 abbatem
697 1501 729 1531 et
753 1499 937 1531 canonicos
973 1499 1054 1531 dicti
1091 1499 1286 1532 monasterii
1323 1500 1425 1541 priori
1451 1502 1483 1533 et
1507 1500 1669 1533 fratribus
1705 1500 1785 1534 dicti
1822 1503 2012 1534 conventus
2036 1502 2274 1536 heremitarum
2297 1502 2341 1537 de
2361 1491 2409 1549 λῙΞᾹ

514 1561 616 1593 domo
642 1570 708 1593 una
733 1570 810 1594 cum
836 1561 1043 1602 quibusdam
1069 1561 1287 1594 domunculis
1312 1570 1372 1594 seu
1398 1562 1625 1595 sediminibus
1649 1571 1686 1595 se
1711 1563 1906 1596 tenentibus
1931 1572 2007 1596 cum
2032 1564 2124 1597 dicta
2147 1564 2251 1598 domo
2273 1564 2340 1599 sita

512 1623 544 1655 in
570 1622 677 1665 Papia
702 1623 735 1655 in
761 1625 857 1665 porta
882 1622 1002 1656 Palatii
1028 1624 1060 1656 in
1085 1624 1247 1665 parochia
1272 1624 1417 1657 ecclesie
1441 1625 1549 1657 sancti
1575 1624 1709 1658 Andree
1733 1626 1766 1657 in
1793 1625 1912 1665 brolio,
1937 1627 1990 1658 cui
2015 1626 2176 1660 coherent
2191 1628 2254 1660 etc.
2278 1636 2342 1670 pro

511 1686 624 1727 precio
648 1686 852 1718 florenorum
878 1685 971 1719 mille'
994 1687 1069 1719 auri
1094 1686 1279 1719 tradditum
1304 1695 1364 1728 per
1388 1686 1616 1730 Augustinum
1642 1687 1684 1720 de
1710 1687 1897 1721 Panizariis
1933 1689 2100 1722 notarium
2137 1688 2244 1732 Papie
2268 1690 2342 1723 ηιίΙ-Α

512 1749 632 1781 lesimo
656 1749 895 1781 trecentesimo
920 1749 1095 1791 trigesimo
1121 1749 1241 1790 primo,
1267 1749 1322 1782 die
1348 1750 1511 1787 mercurii,
1538 1750 1657 1791 quinto
1682 1751 1809 1783 mensis
1835 1750 1918 1783 lunii
1936 1748 1998 1792 (4).

602 1810 681 1843 item
707 1811 966 1843 instrumentum
993 1820 1096 1843 unum
1122 1811 1336 1844 vendicionis
1361 1811 1449 1845 facte
1474 1821 1535 1854 per
1559 1813 1831 1855 suprascriptum
1845 1813 2022 1846 dominum
2035 1814 2195 1848 abbatem
2218 1822 2342 1857 supra·-

511 1874 649 1915 scriptis
685 1874 788 1915 priori
825 1875 858 1906 et
893 1873 1054 1906 fratribus
1091 1874 1328 1907 heremitarum
1365 1875 1472 1908 sancti
1509 1874 1691 1917 Augustini
1717 1875 1760 1908 de
1785 1876 1911 1909 tabulis
1947 1877 2128 1919 sexaginta
2151 1877 2341 1918 sediminis,

511 1937 627 1978 precio
652 1937 872 1969 ducentarum
898 1938 931 1969 et
956 1937 1204 1979 quinquaginta
1218 1937 1378 1970 librarum
1396 1938 1622 1978 denariorum,
1639 1938 1747 1971 eciam
1764 1939 1967 1980 productum
1985 1948 2046 1981 per
2069 1938 2341 1982 suprascriptum

513 1999 688 2031 dominum
706 1999 876 2039 abbatem,
894 1999 1078 2032 tradditum
1104 2009 1164 2041 per
1180 2001 1451 2042 suprascriptum
1477 1999 1705 2043 Augustinum
1731 2000 1944 2034 Panizarium
1970 2002 2137 2035 notarium
2162 2002 2342 2036 millesimo

484 2103 486 2105 .
526 2062 761 2094 trecentesimo
797 2062 972 2103 trigesimo
1005 2063 1116 2102 sexto,
1141 2063 1197 2095 die
1221 2063 1368 2102 sabbati,
1394 2063 1512 2095 ultimo
1536 2064 1664 2096 mensis
1689 2063 1834 2107 Augusti
1852 2061 1914 2105 (5).

601 2122 738 2165 Quique
764 2124 913 2157 vidimus
938 2126 970 2156 et
994 2125 1268 2157 examinavimus
1293 2125 1472 2167 diligenter
1496 2126 1609 2158 omnia
1634 2128 1666 2158 et
1691 2126 1827 2168 singula
1843 2135 1904 2168 per
1920 2127 2030 2160 dictas
2047 2128 2161 2168 partes
2177 2129 2344 2170 etquam-

511 2186 592 2219 libet
617 2195 731 2219 earum
757 2186 857 2219 simul
883 2188 915 2219 et
940 2187 1077 2219 divisim
1104 2187 1280 2228 producta,
1306 2189 1380 2220 acta
1405 2189 1438 2220 et
1461 2189 1588 2230 agitata
1627 2197 1740 2221 coram
1766 2189 1866 2222 nobis
1891 2190 1924 2222 et
1948 2189 2040 2222 dicto
2075 2190 2216 2222 domino
2251 2188 2344 2223 Hen-

511 2249 582 2281 rico
606 2249 687 2281 olim
713 2249 939 2291 subdelegato
966 2251 1082 2282 nostro
1107 2259 1146 2282 ac
1171 2250 1279 2283 eciam
1305 2259 1420 2283 coram
1446 2251 1546 2284 nobis
1570 2251 1798 2293 subdelegato
1823 2254 1855 2284 et
1879 2260 1995 2294 supra,
2009 2252 2042 2284 in
2060 2251 2176 2285 causis
2189 2261 2340 2287 conven-

511 2312 648 2344 cionum
674 2313 705 2344 et
730 2313 1040 2344 reconvencionum
1062 2313 1104 2345 de
1130 2313 1257 2354 quibus
1283 2321 1399 2355 supra,
1426 2314 1459 2346 et
1487 2313 1683 2346 audivimus
1707 2314 1838 2355 pluries
1861 2315 1894 2347 et
1917 2314 2047 2356 pluries
2071 2324 2139 2348 una
2163 2323 2240 2348 cum
2265 2315 2344 2358 ipso
2380 2303 2423 2364 ἧς

515 2375 654 2407 domino
688 2374 835 2407 l-lenrico
860 2377 892 2407 et
917 2375 990 2407 sine
1015 2384 1056 2407 eo
1081 2375 1300 2417 alegaciones
1337 2376 1501 2409 dictarum
1526 2377 1671 2418 partium
1701 2385 1910 2419 suorumque
1939 2377 2184 2410 advocatorum
2208 2378 2242 2411 et
2264 2386 2344 2420 pro-
2384 2371 2401 2428 Σὲ·

513 2439 706 2470 curatorum
731 2438 764 2469 et
800 2446 839 2470 ea
875 2438 1121 2478 recensuimus,
1158 2447 1263 2479 super
1298 2439 1453 2480 ipsisque
1489 2439 1650 2472 omnibus
1674 2441 1706 2472 et
1730 2440 1876 2482 singulis
1913 2440 2095 2473 habuimus
2119 2442 2152 2473 et
2176 2439 2344 2474 habemus

515 2501 680 2532 maturam
706 2502 739 2532 et
763 2499 959 2542 diligentem
985 2500 1284 2534 deliberationem:
2401 2487 2412 2499 μ

604 2605 730 2640 Christi
756 2601 891 2640 nomine
929 2608 1088 2640 invocato
1124 2608 1267 2649 eiusque
1304 2608 1454 2650 gloriose
1490 2610 1606 2642 matris
1638 2609 1768 2642 auxilio
1794 2609 1985 2652 implorato,
2010 2619 2052 2643 ex
2078 2619 2222 2652 quorum
2246 2609 2343 2643 vultu
2393 2619 2414 2658 553

514 2678 650 2711 semper
674 2671 765 2703 recta
790 2670 981 2711 procedunt
1005 2671 1142 2710 iudicia,
1167 2680 1229 2712 pro
1253 2671 1412 2704 tribunali
1438 2672 1599 2705 sedentes
1623 2673 1656 2705 in
1682 2674 1800 2706 nostro
1825 2672 2022 2714 Episcopali
2047 2673 2184 2715 palatio,
2210 2672 2287 2706 loco
2310 2674 2344 2706 et

515 2740 607 2764 more
631 2733 817 2772 consuetis,
842 2733 1000 2772 dicimus,
1036 2733 1313 2774 pronunciamus,
1350 2735 1606 2774 sententiamus,
1642 2735 1868 2775 declaramus,
1893 2735 2091 2774 diffinimus,
2115 2736 2149 2768 et
2172 2744 2233 2777 per
2256 2735 2345 2769 hanc
2392 2748 2407 2774 ς,-

516 2796 665 2827 nostram
691 2794 905 2828 diffinitivam
931 2796 1133 2828 sententiam
1159 2796 1192 2828 in
1219 2796 1272 2829 his
1297 2796 1435 2838 scriptis
1471 2797 1684 2830 absolvimus
1709 2799 1742 2831 et
1765 2798 2035 2831 condemnamus
2059 2798 2092 2830 in
2117 2797 2278 2832 omnibus
2311 2799 2345 2832 et

518 2865 578 2897 per
602 2857 726 2896 omnia,
752 2859 788 2890 ut
813 2857 916 2890 infra:

577 3022 608 3048 (l)
625 3023 682 3045 Vedi
699 3023 750 3046 doc.
766 3030 788 3046 n⁴
805 3024 892 3047 XLVll.
1511 3027 1543 3052 (⁴)
1557 3027 1614 3050 Vedi
1629 3027 1682 3050 doc.
1697 3033 1720 3049 n.
1735 3027 1793 3050 XXI.

578 3067 610 3092 (2)
624 3067 682 3089 Vedi
698 3068 750 3090 doc.
766 3074 788 3090 n.
805 3069 903 3091 XLVlll.
1514 3071 1545 3097 (5)
1559 3072 1617 3094 vedi
1632 3071 1684 3094 doc.
1699 3078 1722 3094 n.
1737 3071 1817 3094 xxix.

576 3111 608 3136 (3)
624 3111 683 3133 Vedi
698 3112 752 3134 doc.
768 3119 790 3134 ιι,
806 3113 884 3135 XLIX.
