<?xml version="1.0" encoding="UTF-8"?>
<!DOCTYPE html PUBLIC "-//W3C//DTD XHTML 1.0 Transitional//EN"
    "http://www.w3.org/TR/xhtml1/DTD/xhtml1-transitional.dtd">
<html xmlns="http://www.w3.org/1999/xhtml" xml:lang="en" lang="en">
 <head>
  <title>
</title>
<meta http-equiv="Content-Type" content="text/html;charset=utf-8" />
  <meta name='ocr-system' content='tesseract 3.04.00' />
  <meta name='ocr-capabilities' content='ocr_page ocr_carea ocr_par ocr_line ocrx_word'/>
</head>
<body>
  <div class='ocr_page' id='page_1' title='image "./codexdiplomaticu01maiouoft_0293.png"; bbox 0 0 2496 3600; ppageno 0'>
   <div class='ocr_carea' id='block_1_1' title="bbox 0 0 161 3600">
    <p class='ocr_par' dir='ltr' id='par_1_1' title="bbox 0 0 161 3600">
     <span class='ocr_line' id='line_1_1' title="bbox 0 0 161 3600; baseline 0 0"><span class='ocrx_word' id='word_1_1' title='bbox 0 0 161 3600; x_wconf 95' lang='lat' dir='ltr'> </span> 
     </span>
    </p>
   </div>
   <div class='ocr_carea' id='block_1_2' title="bbox 1991 273 2056 305">
    <p class='ocr_par' dir='ltr' id='par_1_2' title="bbox 1991 273 2056 305">
     <span class='ocr_line' id='line_1_2' title="bbox 1991 273 2056 305; baseline 0 0"><span class='ocrx_word' id='word_1_2' title='bbox 1991 273 2056 305; x_wconf 88' lang='lat'>223</span> 
     </span>
    </p>
   </div>
   <div class='ocr_carea' id='block_1_3' title="bbox 1347 333 1989 345">
    <p class='ocr_par' dir='ltr' id='par_1_3' title="bbox 1347 333 1989 345">
     <span class='ocr_line' id='line_1_3' title="bbox 1347 333 1989 345; baseline 0 0"><span class='ocrx_word' id='word_1_3' title='bbox 1347 333 1989 345; x_wconf 95' lang='lat' dir='ltr'> </span> 
     </span>
    </p>
   </div>
   <div class='ocr_carea' id='block_1_4' title="bbox 208 388 2060 3190">
    <p class='ocr_par' dir='ltr' id='par_1_4' title="bbox 208 388 2060 3190">
     <span class='ocr_line' id='line_1_4' title="bbox 242 388 2057 443; baseline 0.007 -19"><span class='ocrx_word' id='word_1_4' title='bbox 242 392 276 424; x_wconf 91' lang='lat' dir='ltr'>et</span> <span class='ocrx_word' id='word_1_5' title='bbox 299 388 498 424; x_wconf 78' lang='lat' dir='ltr'>Conventus</span> <span class='ocrx_word' id='word_1_6' title='bbox 523 389 603 422; x_wconf 90' lang='lat' dir='ltr'>dicti</span> <span class='ocrx_word' id='word_1_7' title='bbox 640 392 834 424; x_wconf 91' lang='lat' dir='ltr'>monasterii</span> <span class='ocrx_word' id='word_1_8' title='bbox 860 393 989 426; x_wconf 91' lang='lat' dir='ltr'>ordinis</span> <span class='ocrx_word' id='word_1_9' title='bbox 1014 394 1167 427; x_wconf 90' lang='lat' dir='ltr'>eiusdem</span> <span class='ocrx_word' id='word_1_10' title='bbox 1181 393 1296 428; x_wconf 84' lang='lat' dir='ltr'><strong>Sancti</strong></span> <span class='ocrx_word' id='word_1_11' title='bbox 1322 395 1502 439; x_wconf 82' lang='lat' dir='ltr'><strong>Augustini</strong></span> <span class='ocrx_word' id='word_1_12' title='bbox 1539 398 1717 432; x_wconf 91' lang='lat' dir='ltr'>distinctas</span> <span class='ocrx_word' id='word_1_13' title='bbox 1741 402 1774 433; x_wconf 92' lang='lat' dir='ltr'>et</span> <span class='ocrx_word' id='word_1_14' title='bbox 1797 405 1972 443; x_wconf 90' lang='lat' dir='ltr'>separatas</span> <span class='ocrx_word' id='word_1_15' title='bbox 1998 406 2057 438; x_wconf 88' lang='lat' dir='ltr'>ha-</span> 
     </span>
     <span class='ocr_line' id='line_1_5' title="bbox 208 454 2054 505; baseline 0.006 -18"><span class='ocrx_word' id='word_1_16' title='bbox 208 482 211 486; x_wconf 63' lang='lat'>,</span> <span class='ocrx_word' id='word_1_17' title='bbox 242 454 403 493; x_wconf 88' lang='lat' dir='ltr'>bentium,</span> <span class='ocrx_word' id='word_1_18' title='bbox 428 462 471 486; x_wconf 90' lang='lat' dir='ltr'>ex</span> <span class='ocrx_word' id='word_1_19' title='bbox 508 462 574 486; x_wconf 91' lang='lat' dir='ltr'>una</span> <span class='ocrx_word' id='word_1_20' title='bbox 610 455 714 495; x_wconf 91' lang='lat' dir='ltr'>parte,</span> <span class='ocrx_word' id='word_1_21' title='bbox 739 455 772 487; x_wconf 92' lang='lat' dir='ltr'>et</span> <span class='ocrx_word' id='word_1_22' title='bbox 807 455 947 488; x_wconf 91' lang='lat' dir='ltr'>eosdem</span> <span class='ocrx_word' id='word_1_23' title='bbox 973 455 1151 496; x_wconf 90' lang='lat' dir='ltr'>Abbatem,</span> <span class='ocrx_word' id='word_1_24' title='bbox 1176 455 1370 492; x_wconf 90' lang='lat' dir='ltr'>Canonicos</span> <span class='ocrx_word' id='word_1_25' title='bbox 1405 460 1438 492; x_wconf 89' lang='lat' dir='ltr'>et</span> <span class='ocrx_word' id='word_1_26' title='bbox 1462 458 1688 501; x_wconf 89' lang='lat' dir='ltr'>Conventum,</span> <span class='ocrx_word' id='word_1_27' title='bbox 1713 471 1817 504; x_wconf 89' lang='lat' dir='ltr'>super</span> <span class='ocrx_word' id='word_1_28' title='bbox 1852 465 2054 505; x_wconf 87' lang='lat' dir='ltr'>quibusdam</span> 
     </span>
     <span class='ocr_line' id='line_1_6' title="bbox 241 515 2059 563; baseline 0.006 -14"><span class='ocrx_word' id='word_1_29' title='bbox 241 515 451 550; x_wconf 82' lang='lat' dir='ltr'>funeralibus</span> <span class='ocrx_word' id='word_1_30' title='bbox 475 517 507 548; x_wconf 89' lang='lat' dir='ltr'>et</span> <span class='ocrx_word' id='word_1_31' title='bbox 531 515 769 549; x_wconf 83' lang='lat' dir='ltr'>oblacionibus</span> <span class='ocrx_word' id='word_1_32' title='bbox 794 526 855 558; x_wconf 90' lang='lat' dir='ltr'>per</span> <span class='ocrx_word' id='word_1_33' title='bbox 886 518 982 559; x_wconf 92' lang='lat' dir='ltr'>ipsos</span> <span class='ocrx_word' id='word_1_34' title='bbox 1006 517 1156 551; x_wconf 86' lang='lat' dir='ltr'>Priorem</span> <span class='ocrx_word' id='word_1_35' title='bbox 1181 521 1214 552; x_wconf 91' lang='lat' dir='ltr'>et</span> <span class='ocrx_word' id='word_1_36' title='bbox 1238 519 1358 553; x_wconf 87' lang='lat' dir='ltr'>fratres</span> <span class='ocrx_word' id='word_1_37' title='bbox 1383 522 1528 563; x_wconf 79' lang='lat' dir='ltr'>receptis</span> <span class='ocrx_word' id='word_1_38' title='bbox 1553 524 1586 555; x_wconf 93' lang='lat' dir='ltr'>et</span> <span class='ocrx_word' id='word_1_39' title='bbox 1610 524 1756 563; x_wconf 90' lang='lat' dir='ltr'>retentis,</span> <span class='ocrx_word' id='word_1_40' title='bbox 1781 534 1820 557; x_wconf 92' lang='lat' dir='ltr'>ac</span> <span class='ocrx_word' id='word_1_41' title='bbox 1845 527 1944 559; x_wconf 90' lang='lat' dir='ltr'>certis</span> <span class='ocrx_word' id='word_1_42' title='bbox 1969 529 2059 560; x_wconf 84' lang='lat' dir='ltr'>sedi-</span> 
     </span>
     <span class='ocr_line' id='line_1_7' title="bbox 242 577 2058 628; baseline 0.005 -16"><span class='ocrx_word' id='word_1_43' title='bbox 242 578 390 612; x_wconf 89' lang='lat' dir='ltr'>minibus</span> <span class='ocrx_word' id='word_1_44' title='bbox 415 586 491 610; x_wconf 92' lang='lat' dir='ltr'>cum</span> <span class='ocrx_word' id='word_1_45' title='bbox 517 577 698 610; x_wconf 85' lang='lat' dir='ltr'>hedifficiis</span> <span class='ocrx_word' id='word_1_46' title='bbox 722 580 755 611; x_wconf 93' lang='lat' dir='ltr'>et</span> <span class='ocrx_word' id='word_1_47' title='bbox 779 579 852 612; x_wconf 92' lang='lat' dir='ltr'>sine</span> <span class='ocrx_word' id='word_1_48' title='bbox 878 579 1056 613; x_wconf 84' lang='lat' dir='ltr'>hedifficiis</span> <span class='ocrx_word' id='word_1_49' title='bbox 1073 582 1106 613; x_wconf 92' lang='lat' dir='ltr'>et</span> <span class='ocrx_word' id='word_1_50' title='bbox 1130 582 1277 623; x_wconf 90' lang='lat' dir='ltr'>quadam</span> <span class='ocrx_word' id='word_1_51' title='bbox 1302 583 1404 616; x_wconf 91' lang='lat' dir='ltr'>domo</span> <span class='ocrx_word' id='word_1_52' title='bbox 1429 585 1522 617; x_wconf 90' lang='lat' dir='ltr'>scola</span> <span class='ocrx_word' id='word_1_53' title='bbox 1547 588 1742 628; x_wconf 91' lang='lat' dir='ltr'>nuncupata</span> <span class='ocrx_word' id='word_1_54' title='bbox 1767 587 1917 628; x_wconf 91' lang='lat' dir='ltr'>ipsorum</span> <span class='ocrx_word' id='word_1_55' title='bbox 1932 588 2058 622; x_wconf 88' lang='lat' dir='ltr'>Prioris</span> 
     </span>
     <span class='ocr_line' id='line_1_8' title="bbox 241 640 2058 690; baseline 0.004 -15"><span class='ocrx_word' id='word_1_56' title='bbox 241 643 274 675; x_wconf 92' lang='lat' dir='ltr'>et</span> <span class='ocrx_word' id='word_1_57' title='bbox 297 641 436 674; x_wconf 83' lang='lat' dir='ltr'>fratrum</span> <span class='ocrx_word' id='word_1_58' title='bbox 472 649 579 682; x_wconf 87' lang='lat' dir='ltr'>prope</span> <span class='ocrx_word' id='word_1_59' title='bbox 614 640 756 673; x_wconf 90' lang='lat' dir='ltr'>eandem</span> <span class='ocrx_word' id='word_1_60' title='bbox 793 641 982 682; x_wconf 90' lang='lat' dir='ltr'>ecclesiam,</span> <span class='ocrx_word' id='word_1_61' title='bbox 1008 652 1074 684; x_wconf 91' lang='lat' dir='ltr'>que</span> <span class='ocrx_word' id='word_1_62' title='bbox 1110 644 1247 685; x_wconf 89' lang='lat' dir='ltr'>quidem</span> <span class='ocrx_word' id='word_1_63' title='bbox 1285 645 1451 678; x_wconf 92' lang='lat' dir='ltr'>sedimina</span> <span class='ocrx_word' id='word_1_64' title='bbox 1488 646 1583 679; x_wconf 86' lang='lat' dir='ltr'>Prior</span> <span class='ocrx_word' id='word_1_65' title='bbox 1607 649 1639 680; x_wconf 89' lang='lat' dir='ltr'>et</span> <span class='ocrx_word' id='word_1_66' title='bbox 1664 647 1784 681; x_wconf 89' lang='lat' dir='ltr'>fratres</span> <span class='ocrx_word' id='word_1_67' title='bbox 1819 649 1938 690; x_wconf 91' lang='lat' dir='ltr'>prefati</span> <span class='ocrx_word' id='word_1_68' title='bbox 1965 651 2058 684; x_wconf 91' lang='lat' dir='ltr'>iuxta</span> 
     </span>
     <span class='ocr_line' id='line_1_9' title="bbox 240 702 2058 746; baseline 0.004 -9"><span class='ocrx_word' id='word_1_69' title='bbox 240 705 381 738; x_wconf 91' lang='lat' dir='ltr'>formam</span> <span class='ocrx_word' id='word_1_70' title='bbox 406 703 486 736; x_wconf 90' lang='lat' dir='ltr'>dicti</span> <span class='ocrx_word' id='word_1_71' title='bbox 523 702 691 745; x_wconf 90' lang='lat' dir='ltr'>privilegii</span> <span class='ocrx_word' id='word_1_72' title='bbox 717 703 760 735; x_wconf 92' lang='lat' dir='ltr'>ab</span> <span class='ocrx_word' id='word_1_73' title='bbox 785 704 914 736; x_wconf 90' lang='lat' dir='ltr'>eisdem</span> <span class='ocrx_word' id='word_1_74' title='bbox 939 703 1072 738; x_wconf 86' lang='lat' dir='ltr'>Abbate</span> <span class='ocrx_word' id='word_1_75' title='bbox 1098 707 1129 738; x_wconf 90' lang='lat' dir='ltr'>et</span> <span class='ocrx_word' id='word_1_76' title='bbox 1153 704 1333 740; x_wconf 91' lang='lat' dir='ltr'>Conventu</span> <span class='ocrx_word' id='word_1_77' title='bbox 1359 708 1424 741; x_wconf 91' lang='lat' dir='ltr'>sub</span> <span class='ocrx_word' id='word_1_78' title='bbox 1449 711 1539 741; x_wconf 89' lang='lat' dir='ltr'>certo</span> <span class='ocrx_word' id='word_1_79' title='bbox 1563 718 1676 742; x_wconf 93' lang='lat' dir='ltr'>annuo</span> <span class='ocrx_word' id='word_1_80' title='bbox 1701 719 1805 744; x_wconf 91' lang='lat' dir='ltr'>censu</span> <span class='ocrx_word' id='word_1_81' title='bbox 1831 712 1903 744; x_wconf 90' lang='lat' dir='ltr'>sive</span> <span class='ocrx_word' id='word_1_82' title='bbox 1929 722 2058 746; x_wconf 92' lang='lat' dir='ltr'>canone</span> 
     </span>
     <span class='ocr_line' id='line_1_10' title="bbox 241 766 2060 816; baseline 0.004 -16"><span class='ocrx_word' id='word_1_83' title='bbox 241 767 401 800; x_wconf 89' lang='lat' dir='ltr'>tenebant</span> <span class='ocrx_word' id='word_1_84' title='bbox 425 767 526 808; x_wconf 86' lang='lat' dir='ltr'>prout</span> <span class='ocrx_word' id='word_1_85' title='bbox 549 767 663 798; x_wconf 90' lang='lat' dir='ltr'>tenent</span> <span class='ocrx_word' id='word_1_86' title='bbox 687 766 729 798; x_wconf 92' lang='lat' dir='ltr'>ad</span> <span class='ocrx_word' id='word_1_87' title='bbox 755 766 880 806; x_wconf 91' lang='lat' dir='ltr'>fictum,</span> <span class='ocrx_word' id='word_1_88' title='bbox 907 776 1037 800; x_wconf 89' lang='lat' dir='ltr'>necnon</span> <span class='ocrx_word' id='word_1_89' title='bbox 1066 769 1372 810; x_wconf 85' lang='lat' dir='ltr'>transgressionem</span> <span class='ocrx_word' id='word_1_90' title='bbox 1398 773 1564 804; x_wconf 87' lang='lat' dir='ltr'>certorum</span> <span class='ocrx_word' id='word_1_91' title='bbox 1590 773 1859 806; x_wconf 89' lang='lat' dir='ltr'>convencionum</span> <span class='ocrx_word' id='word_1_92' title='bbox 1886 776 1918 807; x_wconf 92' lang='lat' dir='ltr'>et</span> <span class='ocrx_word' id='word_1_93' title='bbox 1942 777 2060 816; x_wconf 88' lang='lat' dir='ltr'>pacto-</span> 
     </span>
     <span class='ocr_line' id='line_1_11' title="bbox 241 829 2059 876; baseline 0.004 -13"><span class='ocrx_word' id='word_1_94' title='bbox 241 839 313 863; x_wconf 87' lang='lat' dir='ltr'>rum</span> <span class='ocrx_word' id='word_1_95' title='bbox 339 830 423 862; x_wconf 90' lang='lat' dir='ltr'>inter</span> <span class='ocrx_word' id='word_1_96' title='bbox 447 830 561 871; x_wconf 88' lang='lat' dir='ltr'>partes</span> <span class='ocrx_word' id='word_1_97' title='bbox 586 829 681 870; x_wconf 89' lang='lat' dir='ltr'>ipsas</span> <span class='ocrx_word' id='word_1_98' title='bbox 711 829 867 861; x_wconf 88' lang='lat' dir='ltr'>initorum</span> <span class='ocrx_word' id='word_1_99' title='bbox 892 839 931 862; x_wconf 92' lang='lat' dir='ltr'>ac</span> <span class='ocrx_word' id='word_1_100' title='bbox 956 830 1128 863; x_wconf 92' lang='lat' dir='ltr'>nonnullis</span> <span class='ocrx_word' id='word_1_101' title='bbox 1164 831 1240 864; x_wconf 93' lang='lat' dir='ltr'>aliis</span> <span class='ocrx_word' id='word_1_102' title='bbox 1276 833 1426 866; x_wconf 87' lang='lat' dir='ltr'>articulis</span> <span class='ocrx_word' id='word_1_103' title='bbox 1451 836 1530 867; x_wconf 90' lang='lat' dir='ltr'>tunc</span> <span class='ocrx_word' id='word_1_104' title='bbox 1567 836 1743 876; x_wconf 88' lang='lat' dir='ltr'>expressis</span> <span class='ocrx_word' id='word_1_105' title='bbox 1768 845 1811 868; x_wconf 89' lang='lat' dir='ltr'>ex</span> <span class='ocrx_word' id='word_1_106' title='bbox 1836 836 1950 875; x_wconf 89' lang='lat' dir='ltr'>altera,</span> <span class='ocrx_word' id='word_1_107' title='bbox 1987 840 2059 870; x_wconf 89' lang='lat' dir='ltr'>orta</span> 
     </span>
     <span class='ocr_line' id='line_1_12' title="bbox 238 890 2057 937; baseline 0.003 -11"><span class='ocrx_word' id='word_1_108' title='bbox 238 893 360 926; x_wconf 88' lang='lat' dir='ltr'>fuisset</span> <span class='ocrx_word' id='word_1_109' title='bbox 384 892 522 925; x_wconf 88' lang='lat' dir='ltr'>materia</span> <span class='ocrx_word' id='word_1_110' title='bbox 547 892 754 933; x_wconf 86' lang='lat' dir='ltr'>questionis:</span> <span class='ocrx_word' id='word_1_111' title='bbox 781 891 910 931; x_wconf 82' lang='lat' dir='ltr'>AbbaS,</span> <span class='ocrx_word' id='word_1_112' title='bbox 928 890 1091 925; x_wconf 89' lang='lat' dir='ltr'>Canonici</span> <span class='ocrx_word' id='word_1_113' title='bbox 1117 896 1150 926; x_wconf 92' lang='lat' dir='ltr'>et</span> <span class='ocrx_word' id='word_1_114' title='bbox 1167 892 1367 928; x_wconf 86' lang='lat' dir='ltr'>Conventus</span> <span class='ocrx_word' id='word_1_115' title='bbox 1393 896 1534 937; x_wconf 86' lang='lat' dir='ltr'>predicti</span> <span class='ocrx_word' id='word_1_116' title='bbox 1561 897 1645 930; x_wconf 83' lang='lat' dir='ltr'>inter</span> <span class='ocrx_word' id='word_1_117' title='bbox 1661 897 1726 930; x_wconf 91' lang='lat' dir='ltr'>alia</span> <span class='ocrx_word' id='word_1_118' title='bbox 1743 898 1882 931; x_wconf 90' lang='lat' dir='ltr'>eosdem</span> <span class='ocrx_word' id='word_1_119' title='bbox 1909 898 2057 932; x_wconf 84' lang='lat' dir='ltr'>Priorem</span> 
     </span>
     <span class='ocr_line' id='line_1_13' title="bbox 239 955 2057 999; baseline 0.003 -10"><span class='ocrx_word' id='word_1_120' title='bbox 239 958 272 990; x_wconf 91' lang='lat' dir='ltr'>et</span> <span class='ocrx_word' id='word_1_121' title='bbox 295 957 416 989; x_wconf 88' lang='lat' dir='ltr'>fratres</span> <span class='ocrx_word' id='word_1_122' title='bbox 440 964 544 997; x_wconf 88' lang='lat' dir='ltr'>super</span> <span class='ocrx_word' id='word_1_123' title='bbox 568 955 632 987; x_wconf 89' lang='lat' dir='ltr'>hoc</span> <span class='ocrx_word' id='word_1_124' title='bbox 657 955 805 996; x_wconf 90' lang='lat' dir='ltr'>petendo</span> <span class='ocrx_word' id='word_1_125' title='bbox 842 955 937 996; x_wconf 91' lang='lat' dir='ltr'>ipsos</span> <span class='ocrx_word' id='word_1_126' title='bbox 969 955 1208 998; x_wconf 89' lang='lat' dir='ltr'>condempnari</span> <span class='ocrx_word' id='word_1_127' title='bbox 1227 958 1259 989; x_wconf 95' lang='lat' dir='ltr'>et</span> <span class='ocrx_word' id='word_1_128' title='bbox 1283 958 1440 999; x_wconf 91' lang='lat' dir='ltr'>compelli</span> <span class='ocrx_word' id='word_1_129' title='bbox 1466 959 1507 990; x_wconf 92' lang='lat' dir='ltr'>ad</span> <span class='ocrx_word' id='word_1_130' title='bbox 1534 959 1775 992; x_wconf 86' lang='lat' dir='ltr'>restituendum</span> <span class='ocrx_word' id='word_1_131' title='bbox 1801 962 1832 993; x_wconf 93' lang='lat' dir='ltr'>et</span> <span class='ocrx_word' id='word_1_132' title='bbox 1856 961 2057 994; x_wconf 90' lang='lat' dir='ltr'>solvendum</span> 
     </span>
     <span class='ocr_line' id='line_1_14' title="bbox 239 1015 2056 1057; baseline 0.002 -4"><span class='ocrx_word' id='word_1_133' title='bbox 239 1020 369 1053; x_wconf 90' lang='lat' dir='ltr'>eisdem</span> <span class='ocrx_word' id='word_1_134' title='bbox 394 1018 530 1057; x_wconf 85' lang='lat' dir='ltr'>Abbati,</span> <span class='ocrx_word' id='word_1_135' title='bbox 555 1015 740 1051; x_wconf 92' lang='lat' dir='ltr'>Canonicis</span> <span class='ocrx_word' id='word_1_136' title='bbox 765 1018 797 1049; x_wconf 93' lang='lat' dir='ltr'>et</span> <span class='ocrx_word' id='word_1_137' title='bbox 821 1015 1027 1057; x_wconf 88' lang='lat' dir='ltr'>Conventui,</span> <span class='ocrx_word' id='word_1_138' title='bbox 1049 1018 1261 1051; x_wconf 89' lang='lat' dir='ltr'>medietatem</span> <span class='ocrx_word' id='word_1_139' title='bbox 1289 1019 1488 1052; x_wconf 90' lang='lat' dir='ltr'>funeralium</span> <span class='ocrx_word' id='word_1_140' title='bbox 1514 1023 1546 1053; x_wconf 89' lang='lat' dir='ltr'>et</span> <span class='ocrx_word' id='word_1_141' title='bbox 1570 1021 1784 1054; x_wconf 89' lang='lat' dir='ltr'>oblacionum</span> <span class='ocrx_word' id='word_1_142' title='bbox 1810 1023 2002 1056; x_wconf 88' lang='lat' dir='ltr'>huiusmodi</span> <span class='ocrx_word' id='word_1_143' title='bbox 2029 1025 2056 1056; x_wconf 90' lang='lat' dir='ltr'>si</span> 
     </span>
     <span class='ocr_line' id='line_1_15' title="bbox 238 1079 2057 1126; baseline 0.002 -11"><span class='ocrx_word' id='word_1_144' title='bbox 238 1083 402 1120; x_wconf 91' lang='lat' dir='ltr'>extarent,</span> <span class='ocrx_word' id='word_1_145' title='bbox 426 1080 577 1122; x_wconf 91' lang='lat' dir='ltr'>alioquin</span> <span class='ocrx_word' id='word_1_146' title='bbox 602 1089 716 1112; x_wconf 92' lang='lat' dir='ltr'>eorum</span> <span class='ocrx_word' id='word_1_147' title='bbox 742 1088 857 1111; x_wconf 91' lang='lat' dir='ltr'>verum</span> <span class='ocrx_word' id='word_1_148' title='bbox 883 1079 1042 1119; x_wconf 86' lang='lat' dir='ltr'>valorem,</span> <span class='ocrx_word' id='word_1_149' title='bbox 1061 1089 1121 1112; x_wconf 92' lang='lat' dir='ltr'>nec</span> <span class='ocrx_word' id='word_1_150' title='bbox 1140 1090 1205 1113; x_wconf 91' lang='lat' dir='ltr'>non</span> <span class='ocrx_word' id='word_1_151' title='bbox 1224 1081 1266 1113; x_wconf 89' lang='lat' dir='ltr'>ad</span> <span class='ocrx_word' id='word_1_152' title='bbox 1281 1081 1516 1114; x_wconf 91' lang='lat' dir='ltr'>dimittendum</span> <span class='ocrx_word' id='word_1_153' title='bbox 1535 1085 1567 1115; x_wconf 95' lang='lat' dir='ltr'>et</span> <span class='ocrx_word' id='word_1_154' title='bbox 1585 1084 1804 1116; x_wconf 90' lang='lat' dir='ltr'>relaxandum</span> <span class='ocrx_word' id='word_1_155' title='bbox 1831 1085 1916 1126; x_wconf 91' lang='lat' dir='ltr'>ipsis</span> <span class='ocrx_word' id='word_1_156' title='bbox 1933 1084 2057 1118; x_wconf 81' lang='lat' dir='ltr'>Abbati</span> 
     </span>
     <span class='ocr_line' id='line_1_16' title="bbox 238 1142 2056 1188; baseline 0.002 -11"><span class='ocrx_word' id='word_1_157' title='bbox 238 1146 270 1177; x_wconf 92' lang='lat' dir='ltr'>et</span> <span class='ocrx_word' id='word_1_158' title='bbox 286 1142 479 1177; x_wconf 92' lang='lat' dir='ltr'>Conventui</span> <span class='ocrx_word' id='word_1_159' title='bbox 503 1143 594 1175; x_wconf 89' lang='lat' dir='ltr'>dicta</span> <span class='ocrx_word' id='word_1_160' title='bbox 610 1142 777 1175; x_wconf 91' lang='lat' dir='ltr'>sedimina</span> <span class='ocrx_word' id='word_1_161' title='bbox 802 1151 878 1174; x_wconf 92' lang='lat' dir='ltr'>cum</span> <span class='ocrx_word' id='word_1_162' title='bbox 904 1142 1084 1175; x_wconf 80' lang='lat' dir='ltr'>hediffieiis</span> <span class='ocrx_word' id='word_1_163' title='bbox 1109 1143 1316 1182; x_wconf 88' lang='lat' dir='ltr'>huiusmodi,</span> <span class='ocrx_word' id='word_1_164' title='bbox 1341 1152 1380 1176; x_wconf 91' lang='lat' dir='ltr'>ac</span> <span class='ocrx_word' id='word_1_165' title='bbox 1397 1144 1532 1177; x_wconf 91' lang='lat' dir='ltr'>decerni</span> <span class='ocrx_word' id='word_1_166' title='bbox 1550 1147 1582 1177; x_wconf 91' lang='lat' dir='ltr'>et</span> <span class='ocrx_word' id='word_1_167' title='bbox 1599 1146 1761 1179; x_wconf 92' lang='lat' dir='ltr'>declarari</span> <span class='ocrx_word' id='word_1_168' title='bbox 1788 1147 1883 1188; x_wconf 90' lang='lat' dir='ltr'>ipsos</span> <span class='ocrx_word' id='word_1_169' title='bbox 1907 1147 2056 1180; x_wconf 88' lang='lat' dir='ltr'>Priorem</span> 
     </span>
     <span class='ocr_line' id='line_1_17' title="bbox 238 1204 2057 1250; baseline 0.001 -10"><span class='ocrx_word' id='word_1_170' title='bbox 238 1208 271 1240; x_wconf 87' lang='lat' dir='ltr'>et</span> <span class='ocrx_word' id='word_1_171' title='bbox 295 1206 428 1239; x_wconf 86' lang='lat' dir='ltr'>Fratres</span> <span class='ocrx_word' id='word_1_172' title='bbox 452 1214 530 1238; x_wconf 92' lang='lat' dir='ltr'>esse</span> <span class='ocrx_word' id='word_1_173' title='bbox 555 1205 707 1246; x_wconf 91' lang='lat' dir='ltr'>privatos</span> <span class='ocrx_word' id='word_1_174' title='bbox 742 1204 832 1236; x_wconf 92' lang='lat' dir='ltr'>omni</span> <span class='ocrx_word' id='word_1_175' title='bbox 869 1204 1014 1236; x_wconf 89' lang='lat' dir='ltr'>comodo</span> <span class='ocrx_word' id='word_1_176' title='bbox 1038 1206 1070 1237; x_wconf 91' lang='lat' dir='ltr'>et</span> <span class='ocrx_word' id='word_1_177' title='bbox 1095 1204 1236 1237; x_wconf 90' lang='lat' dir='ltr'>utilitate</span> <span class='ocrx_word' id='word_1_178' title='bbox 1272 1207 1446 1246; x_wconf 90' lang='lat' dir='ltr'>pactorum</span> <span class='ocrx_word' id='word_1_179' title='bbox 1472 1208 1503 1238; x_wconf 89' lang='lat' dir='ltr'>et</span> <span class='ocrx_word' id='word_1_180' title='bbox 1527 1208 1793 1240; x_wconf 90' lang='lat' dir='ltr'>convencionum</span> <span class='ocrx_word' id='word_1_181' title='bbox 1830 1209 2057 1250; x_wconf 92' lang='lat' dir='ltr'>predictorum</span> 
     </span>
     <span class='ocr_line' id='line_1_18' title="bbox 237 1265 2056 1313; baseline 0.001 -11"><span class='ocrx_word' id='word_1_182' title='bbox 237 1271 375 1312; x_wconf 88' lang='lat' dir='ltr'>propter</span> <span class='ocrx_word' id='word_1_183' title='bbox 399 1278 466 1301; x_wconf 90' lang='lat' dir='ltr'>non</span> <span class='ocrx_word' id='word_1_184' title='bbox 491 1267 703 1301; x_wconf 91' lang='lat' dir='ltr'>solucionem</span> <span class='ocrx_word' id='word_1_185' title='bbox 728 1267 871 1300; x_wconf 88' lang='lat' dir='ltr'>canonis</span> <span class='ocrx_word' id='word_1_186' title='bbox 896 1266 1034 1308; x_wconf 89' lang='lat' dir='ltr'>prefati:</span> <span class='ocrx_word' id='word_1_187' title='bbox 1060 1265 1184 1300; x_wconf 90' lang='lat' dir='ltr'>Coram</span> <span class='ocrx_word' id='word_1_188' title='bbox 1209 1268 1395 1300; x_wconf 91' lang='lat' dir='ltr'>venerabili</span> <span class='ocrx_word' id='word_1_189' title='bbox 1420 1268 1520 1301; x_wconf 85' lang='lat' dir='ltr'>fratre</span> <span class='ocrx_word' id='word_1_190' title='bbox 1546 1271 1661 1302; x_wconf 90' lang='lat' dir='ltr'>nostro</span> <span class='ocrx_word' id='word_1_191' title='bbox 1679 1269 1864 1304; x_wconf 82' lang='lat' dir='ltr'>Guillelmo</span> <span class='ocrx_word' id='word_1_192' title='bbox 1882 1271 2056 1313; x_wconf 86' lang='lat' dir='ltr'>Episcopo</span> 
     </span>
     <span class='ocr_line' id='line_1_19' title="bbox 237 1328 2057 1374; baseline 0.001 -9"><span class='ocrx_word' id='word_1_193' title='bbox 237 1332 405 1374; x_wconf 89' lang='lat' dir='ltr'>papiensi,</span> <span class='ocrx_word' id='word_1_194' title='bbox 430 1331 483 1363; x_wconf 93' lang='lat' dir='ltr'>cui</span> <span class='ocrx_word' id='word_1_195' title='bbox 509 1329 713 1363; x_wconf 90' lang='lat' dir='ltr'>venerabilis</span> <span class='ocrx_word' id='word_1_196' title='bbox 748 1328 850 1362; x_wconf 89' lang='lat' dir='ltr'>frater</span> <span class='ocrx_word' id='word_1_197' title='bbox 874 1331 989 1366; x_wconf 88' lang='lat' dir='ltr'>noster</span> <span class='ocrx_word' id='word_1_198' title='bbox 1013 1329 1115 1362; x_wconf 89' lang='lat' dir='ltr'>frater</span> <span class='ocrx_word' id='word_1_199' title='bbox 1140 1328 1261 1362; x_wconf 91' lang='lat' dir='ltr'>Petrus</span> <span class='ocrx_word' id='word_1_200' title='bbox 1287 1329 1479 1371; x_wconf 87' lang='lat' dir='ltr'>Episcopus</span> <span class='ocrx_word' id='word_1_201' title='bbox 1517 1332 1730 1365; x_wconf 87' lang='lat' dir='ltr'>novariensis</span> <span class='ocrx_word' id='word_1_202' title='bbox 1766 1336 1995 1373; x_wconf 90' lang='lat' dir='ltr'>conservator,</span> <span class='ocrx_word' id='word_1_203' title='bbox 2022 1336 2057 1367; x_wconf 95' lang='lat' dir='ltr'>ut</span> 
     </span>
     <span class='ocr_line' id='line_1_20' title="bbox 237 1389 2055 1436; baseline 0.001 -8"><span class='ocrx_word' id='word_1_204' title='bbox 237 1389 382 1434; x_wconf 89' lang='lat' dir='ltr'>dicebat,</span> <span class='ocrx_word' id='word_1_205' title='bbox 400 1393 563 1436; x_wconf 90' lang='lat' dir='ltr'>predictis</span> <span class='ocrx_word' id='word_1_206' title='bbox 580 1391 716 1431; x_wconf 86' lang='lat' dir='ltr'>Abbati,</span> <span class='ocrx_word' id='word_1_207' title='bbox 733 1390 917 1425; x_wconf 90' lang='lat' dir='ltr'>Canonicis</span> <span class='ocrx_word' id='word_1_208' title='bbox 943 1393 975 1424; x_wconf 94' lang='lat' dir='ltr'>et</span> <span class='ocrx_word' id='word_1_209' title='bbox 992 1390 1184 1425; x_wconf 89' lang='lat' dir='ltr'>Conventui</span> <span class='ocrx_word' id='word_1_210' title='bbox 1210 1401 1249 1424; x_wconf 90' lang='lat' dir='ltr'>ac</span> <span class='ocrx_word' id='word_1_211' title='bbox 1274 1394 1479 1425; x_wconf 88' lang='lat' dir='ltr'>monasterio</span> <span class='ocrx_word' id='word_1_212' title='bbox 1505 1395 1622 1426; x_wconf 88' lang='lat' dir='ltr'>contra</span> <span class='ocrx_word' id='word_1_213' title='bbox 1647 1394 1828 1428; x_wconf 82' lang='lat' dir='ltr'>inferentes</span> <span class='ocrx_word' id='word_1_214' title='bbox 1845 1396 1894 1428; x_wconf 94' lang='lat' dir='ltr'>eis</span> <span class='ocrx_word' id='word_1_215' title='bbox 1916 1396 2055 1428; x_wconf 89' lang='lat' dir='ltr'>iniurias</span> 
     </span>
     <span class='ocr_line' id='line_1_21' title="bbox 237 1453 2056 1499; baseline -0.001 -8"><span class='ocrx_word' id='word_1_216' title='bbox 237 1458 289 1491; x_wconf 90' lang='lat' dir='ltr'>vel</span> <span class='ocrx_word' id='word_1_217' title='bbox 314 1458 461 1490; x_wconf 90' lang='lat' dir='ltr'>iacturas</span> <span class='ocrx_word' id='word_1_218' title='bbox 485 1456 518 1488; x_wconf 94' lang='lat' dir='ltr'>in</span> <span class='ocrx_word' id='word_1_219' title='bbox 544 1455 644 1488; x_wconf 93' lang='lat' dir='ltr'>bonis</span> <span class='ocrx_word' id='word_1_220' title='bbox 669 1454 722 1488; x_wconf 92' lang='lat' dir='ltr'>vel</span> <span class='ocrx_word' id='word_1_221' title='bbox 748 1455 850 1487; x_wconf 91' lang='lat' dir='ltr'>rebus</span> <span class='ocrx_word' id='word_1_222' title='bbox 874 1463 990 1487; x_wconf 93' lang='lat' dir='ltr'>eorum</span> <span class='ocrx_word' id='word_1_223' title='bbox 1015 1463 1035 1487; x_wconf 92' lang='lat' dir='ltr'>a</span> <span class='ocrx_word' id='word_1_224' title='bbox 1059 1453 1148 1487; x_wconf 89' lang='lat' dir='ltr'>Sede</span> <span class='ocrx_word' id='word_1_225' title='bbox 1173 1454 1372 1496; x_wconf 91' lang='lat' dir='ltr'>Apostolica</span> <span class='ocrx_word' id='word_1_226' title='bbox 1397 1465 1458 1497; x_wconf 91' lang='lat' dir='ltr'>per</span> <span class='ocrx_word' id='word_1_227' title='bbox 1482 1456 1591 1497; x_wconf 90' lang='lat' dir='ltr'>ipsius</span> <span class='ocrx_word' id='word_1_228' title='bbox 1616 1455 1715 1489; x_wconf 91' lang='lat' dir='ltr'>Sedis</span> <span class='ocrx_word' id='word_1_229' title='bbox 1730 1457 1855 1490; x_wconf 86' lang='lat' dir='ltr'>litteras</span> <span class='ocrx_word' id='word_1_230' title='bbox 1873 1458 2056 1499; x_wconf 88' lang='lat' dir='ltr'>deputatus</span> 
     </span>
     <span class='ocr_line' id='line_1_22' title="bbox 236 1517 2052 1560; baseline -0.001 -7"><span class='ocrx_word' id='word_1_231' title='bbox 236 1522 269 1554; x_wconf 91' lang='lat' dir='ltr'>et</span> <span class='ocrx_word' id='word_1_232' title='bbox 293 1519 424 1552; x_wconf 90' lang='lat' dir='ltr'>habens</span> <span class='ocrx_word' id='word_1_233' title='bbox 460 1517 692 1560; x_wconf 89' lang='lat' dir='ltr'>cognoscendi</span> <span class='ocrx_word' id='word_1_234' title='bbox 718 1517 760 1550; x_wconf 93' lang='lat' dir='ltr'>de</span> <span class='ocrx_word' id='word_1_235' title='bbox 785 1518 850 1550; x_wconf 87' lang='lat' dir='ltr'>hiis</span> <span class='ocrx_word' id='word_1_236' title='bbox 886 1526 952 1558; x_wconf 90' lang='lat' dir='ltr'>que</span> <span class='ocrx_word' id='word_1_237' title='bbox 989 1517 1180 1549; x_wconf 90' lang='lat' dir='ltr'>iudicialem</span> <span class='ocrx_word' id='word_1_238' title='bbox 1218 1517 1410 1559; x_wconf 86' lang='lat' dir='ltr'>indaginem</span> <span class='ocrx_word' id='word_1_239' title='bbox 1448 1518 1588 1559; x_wconf 88' lang='lat' dir='ltr'>exigunt</span> <span class='ocrx_word' id='word_1_240' title='bbox 1625 1519 1807 1560; x_wconf 87' lang='lat' dir='ltr'>specialem</span> <span class='ocrx_word' id='word_1_241' title='bbox 1833 1529 1893 1560; x_wconf 89' lang='lat' dir='ltr'>per</span> <span class='ocrx_word' id='word_1_242' title='bbox 1917 1520 2052 1552; x_wconf 90' lang='lat' dir='ltr'>easdem</span> 
     </span>
     <span class='ocr_line' id='line_1_23' title="bbox 237 1579 2055 1624; baseline -0.001 -8"><span class='ocrx_word' id='word_1_243' title='bbox 237 1583 365 1616; x_wconf 90' lang='lat' dir='ltr'>litteras</span> <span class='ocrx_word' id='word_1_244' title='bbox 389 1582 602 1624; x_wconf 88' lang='lat' dir='ltr'>potestatem,</span> <span class='ocrx_word' id='word_1_245' title='bbox 620 1580 835 1613; x_wconf 88' lang='lat' dir='ltr'>commiserat</span> <span class='ocrx_word' id='word_1_246' title='bbox 852 1579 947 1612; x_wconf 90' lang='lat' dir='ltr'>vices</span> <span class='ocrx_word' id='word_1_247' title='bbox 972 1588 1064 1619; x_wconf 91' lang='lat' dir='ltr'>suas,</span> <span class='ocrx_word' id='word_1_248' title='bbox 1082 1581 1256 1612; x_wconf 89' lang='lat' dir='ltr'>traxerunt</span> <span class='ocrx_word' id='word_1_249' title='bbox 1281 1580 1313 1612; x_wconf 95' lang='lat' dir='ltr'>in</span> <span class='ocrx_word' id='word_1_250' title='bbox 1339 1588 1487 1612; x_wconf 88' lang='lat' dir='ltr'>causam.</span> <span class='ocrx_word' id='word_1_251' title='bbox 1514 1579 1672 1622; x_wconf 88' lang='lat' dir='ltr'>Idemque</span> <span class='ocrx_word' id='word_1_252' title='bbox 1690 1579 1891 1613; x_wconf 88' lang='lat' dir='ltr'>Guillelmus</span> <span class='ocrx_word' id='word_1_253' title='bbox 1914 1581 2055 1623; x_wconf 82' lang='lat' dir='ltr'>Episco-</span> 
     </span>
     <span class='ocr_line' id='line_1_24' title="bbox 235 1641 2054 1688; baseline -0.001 -10"><span class='ocrx_word' id='word_1_254' title='bbox 235 1654 301 1688; x_wconf 89' lang='lat' dir='ltr'>pus</span> <span class='ocrx_word' id='word_1_255' title='bbox 325 1645 358 1677; x_wconf 91' lang='lat' dir='ltr'>in</span> <span class='ocrx_word' id='word_1_256' title='bbox 384 1644 578 1677; x_wconf 86' lang='lat' dir='ltr'>huiusmodi</span> <span class='ocrx_word' id='word_1_257' title='bbox 607 1652 713 1676; x_wconf 91' lang='lat' dir='ltr'>causa</span> <span class='ocrx_word' id='word_1_258' title='bbox 748 1642 950 1684; x_wconf 85' lang='lat' dir='ltr'>procedens,</span> <span class='ocrx_word' id='word_1_259' title='bbox 988 1642 1202 1675; x_wconf 80' lang='lat' dir='ltr'>diffinitivam</span> <span class='ocrx_word' id='word_1_260' title='bbox 1239 1651 1300 1684; x_wconf 92' lang='lat' dir='ltr'>pro</span> <span class='ocrx_word' id='word_1_261' title='bbox 1329 1643 1415 1684; x_wconf 92' lang='lat' dir='ltr'>ipsis</span> <span class='ocrx_word' id='word_1_262' title='bbox 1441 1642 1584 1682; x_wconf 89' lang='lat' dir='ltr'>Abbate,</span> <span class='ocrx_word' id='word_1_263' title='bbox 1610 1641 1794 1676; x_wconf 90' lang='lat' dir='ltr'>Canonicis</span> <span class='ocrx_word' id='word_1_264' title='bbox 1820 1646 1851 1676; x_wconf 91' lang='lat' dir='ltr'>et</span> <span class='ocrx_word' id='word_1_265' title='bbox 1876 1642 2054 1677; x_wconf 90' lang='lat' dir='ltr'>Conventu</span> 
     </span>
     <span class='ocr_line' id='line_1_25' title="bbox 235 1705 2055 1748; baseline -0.001 -7"><span class='ocrx_word' id='word_1_266' title='bbox 235 1710 351 1741; x_wconf 84' lang='lat' dir='ltr'>contra</span> <span class='ocrx_word' id='word_1_267' title='bbox 375 1707 516 1741; x_wconf 90' lang='lat' dir='ltr'>eosdem</span> <span class='ocrx_word' id='word_1_268' title='bbox 540 1706 690 1739; x_wconf 88' lang='lat' dir='ltr'>Priorem</span> <span class='ocrx_word' id='word_1_269' title='bbox 715 1707 747 1738; x_wconf 94' lang='lat' dir='ltr'>et</span> <span class='ocrx_word' id='word_1_270' title='bbox 770 1705 889 1738; x_wconf 89' lang='lat' dir='ltr'>fratres</span> <span class='ocrx_word' id='word_1_271' title='bbox 914 1706 1115 1738; x_wconf 86' lang='lat' dir='ltr'>sententiam</span> <span class='ocrx_word' id='word_1_272' title='bbox 1140 1705 1368 1746; x_wconf 88' lang='lat' dir='ltr'>promulgavit</span> <span class='ocrx_word' id='word_1_273' title='bbox 1393 1705 1458 1738; x_wconf 89' lang='lat' dir='ltr'>sub</span> <span class='ocrx_word' id='word_1_274' title='bbox 1483 1707 1573 1738; x_wconf 89' lang='lat' dir='ltr'>certo</span> <span class='ocrx_word' id='word_1_275' title='bbox 1597 1707 1723 1745; x_wconf 89' lang='lat' dir='ltr'>tenore,</span> <span class='ocrx_word' id='word_1_276' title='bbox 1745 1715 1764 1738; x_wconf 92' lang='lat' dir='ltr'>a</span> <span class='ocrx_word' id='word_1_277' title='bbox 1789 1715 1857 1748; x_wconf 89' lang='lat' dir='ltr'>qua</span> <span class='ocrx_word' id='word_1_278' title='bbox 1882 1715 1943 1747; x_wconf 92' lang='lat' dir='ltr'>pro</span> <span class='ocrx_word' id='word_1_279' title='bbox 1961 1709 2055 1747; x_wconf 88' lang='lat' dir='ltr'>parte</span> 
     </span>
     <span class='ocr_line' id='line_1_26' title="bbox 234 1766 2055 1812; baseline -0.002 -8"><span class='ocrx_word' id='word_1_280' title='bbox 234 1771 386 1812; x_wconf 92' lang='lat' dir='ltr'>ipsorum</span> <span class='ocrx_word' id='word_1_281' title='bbox 411 1769 538 1802; x_wconf 90' lang='lat' dir='ltr'>Prioris</span> <span class='ocrx_word' id='word_1_282' title='bbox 562 1771 594 1802; x_wconf 90' lang='lat' dir='ltr'>et</span> <span class='ocrx_word' id='word_1_283' title='bbox 618 1769 756 1801; x_wconf 81' lang='lat' dir='ltr'>fratrum</span> <span class='ocrx_word' id='word_1_284' title='bbox 782 1768 825 1800; x_wconf 91' lang='lat' dir='ltr'>ad</span> <span class='ocrx_word' id='word_1_285' title='bbox 851 1766 974 1801; x_wconf 90' lang='lat' dir='ltr'>Sedem</span> <span class='ocrx_word' id='word_1_286' title='bbox 998 1767 1060 1799; x_wconf 92' lang='lat' dir='ltr'>fuit</span> <span class='ocrx_word' id='word_1_287' title='bbox 1086 1766 1318 1809; x_wconf 91' lang='lat' dir='ltr'>Apostolicam</span> <span class='ocrx_word' id='word_1_288' title='bbox 1350 1767 1568 1809; x_wconf 89' lang='lat' dir='ltr'>appellatum:</span> <span class='ocrx_word' id='word_1_289' title='bbox 1594 1767 1735 1809; x_wconf 92' lang='lat' dir='ltr'>Nosque</span> <span class='ocrx_word' id='word_1_290' title='bbox 1764 1777 1903 1801; x_wconf 88' lang='lat' dir='ltr'>causam</span> <span class='ocrx_word' id='word_1_291' title='bbox 1937 1768 2055 1810; x_wconf 90' lang='lat' dir='ltr'>appel-</span> 
     </span>
     <span class='ocr_line' id='line_1_27' title="bbox 234 1828 2053 1873; baseline -0.002 -6"><span class='ocrx_word' id='word_1_292' title='bbox 234 1834 369 1867; x_wconf 91' lang='lat' dir='ltr'>lationis</span> <span class='ocrx_word' id='word_1_293' title='bbox 395 1833 589 1865; x_wconf 90' lang='lat' dir='ltr'>huiusmodi</span> <span class='ocrx_word' id='word_1_294' title='bbox 615 1833 648 1864; x_wconf 94' lang='lat' dir='ltr'>et</span> <span class='ocrx_word' id='word_1_295' title='bbox 672 1831 805 1873; x_wconf 89' lang='lat' dir='ltr'>negocii</span> <span class='ocrx_word' id='word_1_296' title='bbox 830 1830 1039 1873; x_wconf 88' lang='lat' dir='ltr'>principalis,</span> <span class='ocrx_word' id='word_1_297' title='bbox 1057 1830 1182 1863; x_wconf 87' lang='lat' dir='ltr'>dilecto</span> <span class='ocrx_word' id='word_1_298' title='bbox 1206 1830 1276 1863; x_wconf 90' lang='lat' dir='ltr'>filio</span> <span class='ocrx_word' id='word_1_299' title='bbox 1301 1831 1417 1863; x_wconf 92' lang='lat' dir='ltr'>nostro</span> <span class='ocrx_word' id='word_1_300' title='bbox 1434 1828 1596 1864; x_wconf 90' lang='lat' dir='ltr'>Cosmato</span> <span class='ocrx_word' id='word_1_301' title='bbox 1621 1831 1765 1863; x_wconf 90' lang='lat' dir='ltr'>ecclesie</span> <span class='ocrx_word' id='word_1_302' title='bbox 1791 1833 1907 1863; x_wconf 90' lang='lat' dir='ltr'>sancte</span> <span class='ocrx_word' id='word_1_303' title='bbox 1932 1829 2053 1864; x_wconf 90' lang='lat' dir='ltr'>Crucis</span> 
     </span>
     <span class='ocr_line' id='line_1_28' title="bbox 233 1892 2048 1937; baseline -0.002 -8"><span class='ocrx_word' id='word_1_304' title='bbox 233 1897 266 1929; x_wconf 91' lang='lat' dir='ltr'>in</span> <span class='ocrx_word' id='word_1_305' title='bbox 292 1895 471 1929; x_wconf 89' lang='lat' dir='ltr'>Ierusalem</span> <span class='ocrx_word' id='word_1_306' title='bbox 507 1894 696 1937; x_wconf 89' lang='lat' dir='ltr'>presbitero</span> <span class='ocrx_word' id='word_1_307' title='bbox 732 1892 906 1932; x_wconf 91' lang='lat' dir='ltr'>cardinali,</span> <span class='ocrx_word' id='word_1_308' title='bbox 931 1893 974 1926; x_wconf 92' lang='lat' dir='ltr'>ad</span> <span class='ocrx_word' id='word_1_309' title='bbox 1007 1893 1200 1925; x_wconf 91' lang='lat' dir='ltr'>instantiam</span> <span class='ocrx_word' id='word_1_310' title='bbox 1236 1892 1420 1925; x_wconf 89' lang='lat' dir='ltr'>eorundem</span> <span class='ocrx_word' id='word_1_311' title='bbox 1457 1892 1584 1936; x_wconf 89' lang='lat' dir='ltr'>Prioris</span> <span class='ocrx_word' id='word_1_312' title='bbox 1608 1895 1639 1925; x_wconf 92' lang='lat' dir='ltr'>et</span> <span class='ocrx_word' id='word_1_313' title='bbox 1671 1893 1820 1933; x_wconf 85' lang='lat' dir='ltr'>fratrum,</span> <span class='ocrx_word' id='word_1_314' title='bbox 1845 1893 2048 1926; x_wconf 91' lang='lat' dir='ltr'>audiendam</span> 
     </span>
     <span class='ocr_line' id='line_1_29' title="bbox 233 1955 2046 1997; baseline -0.003 -5"><span class='ocrx_word' id='word_1_315' title='bbox 233 1959 465 1992; x_wconf 90' lang='lat' dir='ltr'>commisimus</span> <span class='ocrx_word' id='word_1_316' title='bbox 490 1959 522 1990; x_wconf 86' lang='lat' dir='ltr'>et</span> <span class='ocrx_word' id='word_1_317' title='bbox 544 1958 611 1990; x_wconf 86' lang='lat' dir='ltr'>tine</span> <span class='ocrx_word' id='word_1_318' title='bbox 635 1957 752 1990; x_wconf 93' lang='lat' dir='ltr'>debito</span> <span class='ocrx_word' id='word_1_319' title='bbox 787 1955 1043 1995; x_wconf 90' lang='lat' dir='ltr'>terminandam,</span> <span class='ocrx_word' id='word_1_320' title='bbox 1069 1956 1102 1988; x_wconf 89' lang='lat' dir='ltr'>et</span> <span class='ocrx_word' id='word_1_321' title='bbox 1125 1955 1382 1997; x_wconf 87' lang='lat' dir='ltr'>subsequenter,</span> <span class='ocrx_word' id='word_1_322' title='bbox 1408 1955 1463 1988; x_wconf 90' lang='lat' dir='ltr'>lite</span> <span class='ocrx_word' id='word_1_323' title='bbox 1489 1955 1683 1988; x_wconf 90' lang='lat' dir='ltr'>huiusmodi</span> <span class='ocrx_word' id='word_1_324' title='bbox 1709 1956 1758 1988; x_wconf 92' lang='lat' dir='ltr'>sic</span> <span class='ocrx_word' id='word_1_325' title='bbox 1787 1956 1939 1988; x_wconf 90' lang='lat' dir='ltr'>indecisa</span> <span class='ocrx_word' id='word_1_326' title='bbox 1963 1965 2046 1996; x_wconf 90' lang='lat' dir='ltr'>pen-</span> 
     </span>
     <span class='ocr_line' id='line_1_30' title="bbox 232 2018 2047 2063; baseline -0.002 -9"><span class='ocrx_word' id='word_1_327' title='bbox 232 2022 343 2061; x_wconf 89' lang='lat' dir='ltr'>dente,</span> <span class='ocrx_word' id='word_1_328' title='bbox 368 2022 483 2063; x_wconf 90' lang='lat' dir='ltr'>partes</span> <span class='ocrx_word' id='word_1_329' title='bbox 514 2020 709 2062; x_wconf 90' lang='lat' dir='ltr'>supradicte</span> <span class='ocrx_word' id='word_1_330' title='bbox 735 2028 796 2061; x_wconf 92' lang='lat' dir='ltr'>pro</span> <span class='ocrx_word' id='word_1_331' title='bbox 821 2018 1016 2051; x_wconf 90' lang='lat' dir='ltr'>huiusmodi</span> <span class='ocrx_word' id='word_1_332' title='bbox 1042 2018 1166 2058; x_wconf 91' lang='lat' dir='ltr'>licium,</span> <span class='ocrx_word' id='word_1_333' title='bbox 1192 2018 1498 2051; x_wconf 90' lang='lat' dir='ltr'>controversiarum</span> <span class='ocrx_word' id='word_1_334' title='bbox 1523 2019 1556 2050; x_wconf 93' lang='lat' dir='ltr'>et</span> <span class='ocrx_word' id='word_1_335' title='bbox 1580 2018 1832 2050; x_wconf 86' lang='lat' dir='ltr'>dissensionum</span> <span class='ocrx_word' id='word_1_336' title='bbox 1869 2019 2047 2050; x_wconf 90' lang='lat' dir='ltr'>occasione</span> 
     </span>
     <span class='ocr_line' id='line_1_31' title="bbox 231 2081 2050 2124; baseline -0.003 -7"><span class='ocrx_word' id='word_1_337' title='bbox 231 2084 369 2117; x_wconf 90' lang='lat' dir='ltr'>tolenda</span> <span class='ocrx_word' id='word_1_338' title='bbox 393 2093 433 2117; x_wconf 91' lang='lat' dir='ltr'>ac</span> <span class='ocrx_word' id='word_1_339' title='bbox 458 2083 606 2116; x_wconf 90' lang='lat' dir='ltr'>caritatis</span> <span class='ocrx_word' id='word_1_340' title='bbox 631 2083 716 2115; x_wconf 88' lang='lat' dir='ltr'>inter</span> <span class='ocrx_word' id='word_1_341' title='bbox 740 2083 853 2124; x_wconf 89' lang='lat' dir='ltr'>partes</span> <span class='ocrx_word' id='word_1_342' title='bbox 878 2081 1016 2114; x_wconf 92' lang='lat' dir='ltr'>easdem</span> <span class='ocrx_word' id='word_1_343' title='bbox 1030 2081 1218 2123; x_wconf 89' lang='lat' dir='ltr'>integritate</span> <span class='ocrx_word' id='word_1_344' title='bbox 1244 2081 1422 2120; x_wconf 89' lang='lat' dir='ltr'>servanda,</span> <span class='ocrx_word' id='word_1_345' title='bbox 1448 2081 1676 2113; x_wconf 88' lang='lat' dir='ltr'>mediantibus</span> <span class='ocrx_word' id='word_1_346' title='bbox 1700 2081 1800 2113; x_wconf 93' lang='lat' dir='ltr'>etiam</span> <span class='ocrx_word' id='word_1_347' title='bbox 1826 2081 1943 2122; x_wconf 90' lang='lat' dir='ltr'>probis</span> <span class='ocrx_word' id='word_1_348' title='bbox 1968 2081 2050 2113; x_wconf 91' lang='lat' dir='ltr'>viris</span> 
     </span>
     <span class='ocr_line' id='line_1_32' title="bbox 233 2140 2051 2188; baseline -0.003 -8"><span class='ocrx_word' id='word_1_349' title='bbox 233 2147 408 2188; x_wconf 90' lang='lat' dir='ltr'>utriusque</span> <span class='ocrx_word' id='word_1_350' title='bbox 433 2146 540 2188; x_wconf 91' lang='lat' dir='ltr'>partis</span> <span class='ocrx_word' id='word_1_351' title='bbox 565 2146 683 2178; x_wconf 90' lang='lat' dir='ltr'>amieis</span> <span class='ocrx_word' id='word_1_352' title='bbox 708 2145 741 2177; x_wconf 91' lang='lat' dir='ltr'>in</span> <span class='ocrx_word' id='word_1_353' title='bbox 758 2144 923 2186; x_wconf 87' lang='lat' dir='ltr'>prefatum</span> <span class='ocrx_word' id='word_1_354' title='bbox 949 2142 1147 2177; x_wconf 90' lang='lat' dir='ltr'>Cosmatum</span> <span class='ocrx_word' id='word_1_355' title='bbox 1173 2142 1378 2176; x_wconf 90' lang='lat' dir='ltr'>cardinalem</span> <span class='ocrx_word' id='word_1_356' title='bbox 1415 2145 1585 2184; x_wconf 91' lang='lat' dir='ltr'>tamquam</span> <span class='ocrx_word' id='word_1_357' title='bbox 1612 2143 1643 2174; x_wconf 91' lang='lat' dir='ltr'>in</span> <span class='ocrx_word' id='word_1_358' title='bbox 1669 2140 1829 2175; x_wconf 83' lang='lat' dir='ltr'>arbitrum</span> <span class='ocrx_word' id='word_1_359' title='bbox 1855 2145 1886 2175; x_wconf 92' lang='lat' dir='ltr'>et</span> <span class='ocrx_word' id='word_1_360' title='bbox 1910 2143 2051 2175; x_wconf 91' lang='lat' dir='ltr'>arbitra-</span> 
     </span>
     <span class='ocr_line' id='line_1_33' title="bbox 231 2205 2048 2249; baseline -0.004 -6"><span class='ocrx_word' id='word_1_361' title='bbox 231 2212 338 2243; x_wconf 88' lang='lat' dir='ltr'>torem</span> <span class='ocrx_word' id='word_1_362' title='bbox 363 2211 395 2242; x_wconf 91' lang='lat' dir='ltr'>et</span> <span class='ocrx_word' id='word_1_363' title='bbox 413 2208 624 2242; x_wconf 90' lang='lat' dir='ltr'>amicabilem</span> <span class='ocrx_word' id='word_1_364' title='bbox 650 2207 912 2249; x_wconf 89' lang='lat' dir='ltr'>compositorem</span> <span class='ocrx_word' id='word_1_365' title='bbox 939 2215 1043 2248; x_wconf 89' lang='lat' dir='ltr'>super</span> <span class='ocrx_word' id='word_1_366' title='bbox 1066 2206 1225 2238; x_wconf 90' lang='lat' dir='ltr'>omnibus</span> <span class='ocrx_word' id='word_1_367' title='bbox 1251 2205 1377 2244; x_wconf 91' lang='lat' dir='ltr'>litibus,</span> <span class='ocrx_word' id='word_1_368' title='bbox 1395 2206 1519 2245; x_wconf 87' lang='lat' dir='ltr'>causis,</span> <span class='ocrx_word' id='word_1_369' title='bbox 1537 2205 1786 2246; x_wconf 90' lang='lat' dir='ltr'>questionibus,</span> <span class='ocrx_word' id='word_1_370' title='bbox 1805 2205 2048 2237; x_wconf 90' lang='lat' dir='ltr'>controversiis</span> 
     </span>
     <span class='ocr_line' id='line_1_34' title="bbox 231 2267 2048 2311; baseline -0.003 -7"><span class='ocrx_word' id='word_1_371' title='bbox 231 2274 264 2305; x_wconf 92' lang='lat' dir='ltr'>et</span> <span class='ocrx_word' id='word_1_372' title='bbox 288 2271 565 2304; x_wconf 90' lang='lat' dir='ltr'>dissensionibus</span> <span class='ocrx_word' id='word_1_373' title='bbox 601 2271 686 2303; x_wconf 90' lang='lat' dir='ltr'>inter</span> <span class='ocrx_word' id='word_1_374' title='bbox 721 2271 835 2311; x_wconf 89' lang='lat' dir='ltr'>partes</span> <span class='ocrx_word' id='word_1_375' title='bbox 872 2269 967 2311; x_wconf 89' lang='lat' dir='ltr'>ipsas</span> <span class='ocrx_word' id='word_1_376' title='bbox 1003 2268 1212 2301; x_wconf 91' lang='lat' dir='ltr'>vertentibus</span> <span class='ocrx_word' id='word_1_377' title='bbox 1237 2277 1276 2300; x_wconf 93' lang='lat' dir='ltr'>ac</span> <span class='ocrx_word' id='word_1_378' title='bbox 1309 2268 1420 2306; x_wconf 86' lang='lat' dir='ltr'>motis,</span> <span class='ocrx_word' id='word_1_379' title='bbox 1446 2267 1549 2300; x_wconf 90' lang='lat' dir='ltr'>libere</span> <span class='ocrx_word' id='word_1_380' title='bbox 1574 2269 1606 2300; x_wconf 91' lang='lat' dir='ltr'>et</span> <span class='ocrx_word' id='word_1_381' title='bbox 1631 2270 1752 2309; x_wconf 91' lang='lat' dir='ltr'>sponte</span> <span class='ocrx_word' id='word_1_382' title='bbox 1777 2267 2048 2308; x_wconf 86' lang='lat' dir='ltr'>compromittere</span> 
     </span>
     <span class='ocr_line' id='line_1_35' title="bbox 231 2329 2048 2374; baseline -0.003 -7"><span class='ocrx_word' id='word_1_383' title='bbox 231 2335 444 2368; x_wconf 91' lang='lat' dir='ltr'>curaverunt.</span> <span class='ocrx_word' id='word_1_384' title='bbox 460 2332 536 2372; x_wconf 65' lang='lat' dir='ltr'>,Qui</span> <span class='ocrx_word' id='word_1_385' title='bbox 562 2333 699 2374; x_wconf 90' lang='lat' dir='ltr'>quidem</span> <span class='ocrx_word' id='word_1_386' title='bbox 724 2331 908 2366; x_wconf 89' lang='lat' dir='ltr'>Cosmatus</span> <span class='ocrx_word' id='word_1_387' title='bbox 932 2330 1126 2365; x_wconf 89' lang='lat' dir='ltr'>Cardinalis</span> <span class='ocrx_word' id='word_1_388' title='bbox 1162 2330 1356 2363; x_wconf 89' lang='lat' dir='ltr'>huiusmodi</span> <span class='ocrx_word' id='word_1_389' title='bbox 1394 2330 1642 2371; x_wconf 88' lang='lat' dir='ltr'>compromisso</span> <span class='ocrx_word' id='word_1_390' title='bbox 1666 2329 1708 2362; x_wconf 91' lang='lat' dir='ltr'>de</span> <span class='ocrx_word' id='word_1_391' title='bbox 1735 2330 1910 2370; x_wconf 87' lang='lat' dir='ltr'>utriusque</span> <span class='ocrx_word' id='word_1_392' title='bbox 1943 2329 2048 2370; x_wconf 91' lang='lat' dir='ltr'>partis</span> 
     </span>
     <span class='ocr_line' id='line_1_36' title="bbox 230 2391 2046 2437; baseline -0.005 -6"><span class='ocrx_word' id='word_1_393' title='bbox 230 2406 402 2431; x_wconf 88' lang='lat' dir='ltr'>consensu</span> <span class='ocrx_word' id='word_1_394' title='bbox 427 2398 459 2429; x_wconf 89' lang='lat' dir='ltr'>in</span> <span class='ocrx_word' id='word_1_395' title='bbox 485 2405 522 2429; x_wconf 91' lang='lat' dir='ltr'>se</span> <span class='ocrx_word' id='word_1_396' title='bbox 547 2397 710 2437; x_wconf 88' lang='lat' dir='ltr'>suscepto</span> <span class='ocrx_word' id='word_1_397' title='bbox 727 2397 758 2428; x_wconf 89' lang='lat' dir='ltr'>et</span> <span class='ocrx_word' id='word_1_398' title='bbox 782 2395 856 2427; x_wconf 91' lang='lat' dir='ltr'>eius</span> <span class='ocrx_word' id='word_1_399' title='bbox 880 2394 987 2426; x_wconf 84' lang='lat' dir='ltr'>forma</span> <span class='ocrx_word' id='word_1_400' title='bbox 1011 2395 1156 2432; x_wconf 91' lang='lat' dir='ltr'>servata,</span> <span class='ocrx_word' id='word_1_401' title='bbox 1174 2392 1364 2426; x_wconf 89' lang='lat' dir='ltr'>arbitralem</span> <span class='ocrx_word' id='word_1_402' title='bbox 1389 2393 1589 2424; x_wconf 91' lang='lat' dir='ltr'>sententiam</span> <span class='ocrx_word' id='word_1_403' title='bbox 1614 2391 1851 2433; x_wconf 90' lang='lat' dir='ltr'>promulgavit,</span> <span class='ocrx_word' id='word_1_404' title='bbox 1869 2400 1929 2432; x_wconf 90' lang='lat' dir='ltr'>per</span> <span class='ocrx_word' id='word_1_405' title='bbox 1945 2400 2046 2432; x_wconf 91' lang='lat' dir='ltr'>quam</span> 
     </span>
     <span class='ocr_line' id='line_1_37' title="bbox 230 2454 2047 2495; baseline -0.004 -2"><span class='ocrx_word' id='word_1_406' title='bbox 230 2462 315 2494; x_wconf 87' lang='lat' dir='ltr'>inter</span> <span class='ocrx_word' id='word_1_407' title='bbox 339 2462 451 2493; x_wconf 91' lang='lat' dir='ltr'>cetera</span> <span class='ocrx_word' id='word_1_408' title='bbox 475 2459 614 2492; x_wconf 90' lang='lat' dir='ltr'>eosdem</span> <span class='ocrx_word' id='word_1_409' title='bbox 639 2458 788 2491; x_wconf 90' lang='lat' dir='ltr'>Priorem</span> <span class='ocrx_word' id='word_1_410' title='bbox 814 2459 845 2490; x_wconf 92' lang='lat' dir='ltr'>et</span> <span class='ocrx_word' id='word_1_411' title='bbox 869 2457 989 2490; x_wconf 89' lang='lat' dir='ltr'>fratres</span> <span class='ocrx_word' id='word_1_412' title='bbox 1007 2457 1039 2488; x_wconf 95' lang='lat' dir='ltr'>in</span> <span class='ocrx_word' id='word_1_413' title='bbox 1065 2457 1155 2489; x_wconf 90' lang='lat' dir='ltr'>certa</span> <span class='ocrx_word' id='word_1_414' title='bbox 1179 2456 1381 2488; x_wconf 87' lang='lat' dir='ltr'>florenorum</span> <span class='ocrx_word' id='word_1_415' title='bbox 1408 2464 1540 2487; x_wconf 90' lang='lat' dir='ltr'>summa</span> <span class='ocrx_word' id='word_1_416' title='bbox 1572 2456 1651 2487; x_wconf 91' lang='lat' dir='ltr'>tunc</span> <span class='ocrx_word' id='word_1_417' title='bbox 1677 2463 1842 2495; x_wconf 90' lang='lat' dir='ltr'>expressa</span> <span class='ocrx_word' id='word_1_418' title='bbox 1868 2463 1927 2495; x_wconf 90' lang='lat' dir='ltr'>per</span> <span class='ocrx_word' id='word_1_419' title='bbox 1951 2454 2047 2495; x_wconf 92' lang='lat' dir='ltr'>ipsos</span> 
     </span>
     <span class='ocr_line' id='line_1_38' title="bbox 229 2516 2046 2566; baseline -0.004 -10"><span class='ocrx_word' id='word_1_420' title='bbox 229 2524 370 2566; x_wconf 87' lang='lat' dir='ltr'>prefatis</span> <span class='ocrx_word' id='word_1_421' title='bbox 395 2522 530 2561; x_wconf 90' lang='lat' dir='ltr'>Abbati,</span> <span class='ocrx_word' id='word_1_422' title='bbox 548 2520 734 2555; x_wconf 90' lang='lat' dir='ltr'>Canonicis</span> <span class='ocrx_word' id='word_1_423' title='bbox 759 2523 791 2554; x_wconf 92' lang='lat' dir='ltr'>et</span> <span class='ocrx_word' id='word_1_424' title='bbox 816 2519 1007 2554; x_wconf 90' lang='lat' dir='ltr'>Conventui</span> <span class='ocrx_word' id='word_1_425' title='bbox 1034 2520 1066 2551; x_wconf 90' lang='lat' dir='ltr'>in</span> <span class='ocrx_word' id='word_1_426' title='bbox 1091 2519 1191 2551; x_wconf 91' lang='lat' dir='ltr'>certis</span> <span class='ocrx_word' id='word_1_427' title='bbox 1215 2518 1367 2550; x_wconf 88' lang='lat' dir='ltr'>terminis</span> <span class='ocrx_word' id='word_1_428' title='bbox 1391 2518 1490 2550; x_wconf 93' lang='lat' dir='ltr'>etiam</span> <span class='ocrx_word' id='word_1_429' title='bbox 1517 2519 1595 2549; x_wconf 89' lang='lat' dir='ltr'>tunc</span> <span class='ocrx_word' id='word_1_430' title='bbox 1620 2517 1795 2558; x_wconf 88' lang='lat' dir='ltr'>expressis</span> <span class='ocrx_word' id='word_1_431' title='bbox 1820 2516 2046 2558; x_wconf 89' lang='lat' dir='ltr'>persolvenda</span> 
     </span>
     <span class='ocr_line' id='line_1_39' title="bbox 230 2578 2048 2627; baseline -0.005 -8"><span class='ocrx_word' id='word_1_432' title='bbox 230 2585 509 2627; x_wconf 90' lang='lat' dir='ltr'>condempnavit,</span> <span class='ocrx_word' id='word_1_433' title='bbox 527 2594 565 2617; x_wconf 91' lang='lat' dir='ltr'>ac</span> <span class='ocrx_word' id='word_1_434' title='bbox 591 2584 742 2617; x_wconf 90' lang='lat' dir='ltr'>sedimen</span> <span class='ocrx_word' id='word_1_435' title='bbox 769 2584 970 2625; x_wconf 88' lang='lat' dir='ltr'>perticarum</span> <span class='ocrx_word' id='word_1_436' title='bbox 996 2590 1058 2614; x_wconf 91' lang='lat' dir='ltr'>sex</span> <span class='ocrx_word' id='word_1_437' title='bbox 1084 2583 1115 2614; x_wconf 88' lang='lat' dir='ltr'>et</span> <span class='ocrx_word' id='word_1_438' title='bbox 1139 2581 1328 2614; x_wconf 89' lang='lat' dir='ltr'>tabularum</span> <span class='ocrx_word' id='word_1_439' title='bbox 1353 2581 1470 2613; x_wconf 85' lang='lat' dir='ltr'>decern</span> <span class='ocrx_word' id='word_1_440' title='bbox 1496 2580 1538 2612; x_wconf 90' lang='lat' dir='ltr'>de</span> <span class='ocrx_word' id='word_1_441' title='bbox 1562 2589 1630 2621; x_wconf 90' lang='lat' dir='ltr'>quo</span> <span class='ocrx_word' id='word_1_442' title='bbox 1649 2579 1680 2611; x_wconf 92' lang='lat' dir='ltr'>in</span> <span class='ocrx_word' id='word_1_443' title='bbox 1699 2579 1784 2611; x_wconf 90' lang='lat' dir='ltr'>actis</span> <span class='ocrx_word' id='word_1_444' title='bbox 1809 2587 1912 2611; x_wconf 90' lang='lat' dir='ltr'>cause</span> <span class='ocrx_word' id='word_1_445' title='bbox 1931 2578 2048 2611; x_wconf 84' lang='lat' dir='ltr'>huius-</span> 
     </span>
     <span class='ocr_line' id='line_1_40' title="bbox 230 2640 2045 2687; baseline -0.006 -6"><span class='ocrx_word' id='word_1_446' title='bbox 230 2649 320 2681; x_wconf 92' lang='lat' dir='ltr'>modi</span> <span class='ocrx_word' id='word_1_447' title='bbox 345 2648 381 2680; x_wconf 88' lang='lat' dir='ltr'>fit</span> <span class='ocrx_word' id='word_1_448' title='bbox 406 2647 548 2686; x_wconf 87' lang='lat' dir='ltr'>mencio,</span> <span class='ocrx_word' id='word_1_449' title='bbox 574 2655 704 2679; x_wconf 91' lang='lat' dir='ltr'>necnon</span> <span class='ocrx_word' id='word_1_450' title='bbox 731 2645 916 2687; x_wconf 90' lang='lat' dir='ltr'>predictam</span> <span class='ocrx_word' id='word_1_451' title='bbox 945 2644 1081 2676; x_wconf 89' lang='lat' dir='ltr'>domum</span> <span class='ocrx_word' id='word_1_452' title='bbox 1107 2643 1235 2676; x_wconf 89' lang='lat' dir='ltr'>scolam</span> <span class='ocrx_word' id='word_1_453' title='bbox 1262 2643 1489 2683; x_wconf 88' lang='lat' dir='ltr'>nuncupatam</span> <span class='ocrx_word' id='word_1_454' title='bbox 1515 2650 1589 2673; x_wconf 94' lang='lat' dir='ltr'>cum</span> <span class='ocrx_word' id='word_1_455' title='bbox 1616 2641 1687 2673; x_wconf 88' lang='lat' dir='ltr'>suis</span> <span class='ocrx_word' id='word_1_456' title='bbox 1714 2641 1888 2678; x_wconf 85' lang='lat' dir='ltr'>hedificiis,</span> <span class='ocrx_word' id='word_1_457' title='bbox 1915 2640 2045 2672; x_wconf 89' lang='lat' dir='ltr'>iuribus</span> 
     </span>
     <span class='ocr_line' id='line_1_41' title="bbox 228 2702 2047 2753; baseline -0.006 -9"><span class='ocrx_word' id='word_1_458' title='bbox 228 2713 260 2744; x_wconf 90' lang='lat' dir='ltr'>et</span> <span class='ocrx_word' id='word_1_459' title='bbox 285 2710 504 2753; x_wconf 89' lang='lat' dir='ltr'>pertinenciis</span> <span class='ocrx_word' id='word_1_460' title='bbox 529 2709 696 2742; x_wconf 89' lang='lat' dir='ltr'>universis</span> <span class='ocrx_word' id='word_1_461' title='bbox 721 2708 764 2741; x_wconf 92' lang='lat' dir='ltr'>ad</span> <span class='ocrx_word' id='word_1_462' title='bbox 791 2707 941 2749; x_wconf 90' lang='lat' dir='ltr'>prefatos</span> <span class='ocrx_word' id='word_1_463' title='bbox 977 2705 1125 2739; x_wconf 89' lang='lat' dir='ltr'>Priorem</span> <span class='ocrx_word' id='word_1_464' title='bbox 1151 2707 1182 2738; x_wconf 93' lang='lat' dir='ltr'>et</span> <span class='ocrx_word' id='word_1_465' title='bbox 1205 2705 1325 2738; x_wconf 90' lang='lat' dir='ltr'>fratres</span> <span class='ocrx_word' id='word_1_466' title='bbox 1351 2705 1382 2736; x_wconf 92' lang='lat' dir='ltr'>in</span> <span class='ocrx_word' id='word_1_467' title='bbox 1408 2706 1607 2745; x_wconf 90' lang='lat' dir='ltr'>perpetuum</span> <span class='ocrx_word' id='word_1_468' title='bbox 1645 2704 1799 2744; x_wconf 87' lang='lat' dir='ltr'>spectare</span> <span class='ocrx_word' id='word_1_469' title='bbox 1825 2704 1856 2734; x_wconf 91' lang='lat' dir='ltr'>et</span> <span class='ocrx_word' id='word_1_470' title='bbox 1881 2702 2047 2743; x_wconf 89' lang='lat' dir='ltr'>pertinere</span> 
     </span>
     <span class='ocr_line' id='line_1_42' title="bbox 227 2764 2044 2814; baseline -0.007 -6"><span class='ocrx_word' id='word_1_471' title='bbox 227 2775 363 2814; x_wconf 88' lang='lat' dir='ltr'>debere,</span> <span class='ocrx_word' id='word_1_472' title='bbox 388 2773 524 2812; x_wconf 89' lang='lat' dir='ltr'>Abbati,</span> <span class='ocrx_word' id='word_1_473' title='bbox 549 2771 734 2806; x_wconf 90' lang='lat' dir='ltr'>Canonicis</span> <span class='ocrx_word' id='word_1_474' title='bbox 759 2772 791 2804; x_wconf 95' lang='lat' dir='ltr'>et</span> <span class='ocrx_word' id='word_1_475' title='bbox 815 2768 1007 2803; x_wconf 88' lang='lat' dir='ltr'>Conventui</span> <span class='ocrx_word' id='word_1_476' title='bbox 1033 2769 1194 2810; x_wconf 90' lang='lat' dir='ltr'>predictis</span> <span class='ocrx_word' id='word_1_477' title='bbox 1212 2777 1315 2810; x_wconf 90' lang='lat' dir='ltr'>super</span> <span class='ocrx_word' id='word_1_478' title='bbox 1332 2768 1382 2800; x_wconf 91' lang='lat' dir='ltr'>eis</span> <span class='ocrx_word' id='word_1_479' title='bbox 1400 2768 1599 2808; x_wconf 89' lang='lat' dir='ltr'>perpetuum</span> <span class='ocrx_word' id='word_1_480' title='bbox 1624 2765 1794 2798; x_wconf 90' lang='lat' dir='ltr'>silentium</span> <span class='ocrx_word' id='word_1_481' title='bbox 1820 2764 2044 2806; x_wconf 91' lang='lat' dir='ltr'>imponendo:</span> 
     </span>
     <span class='ocr_line' id='line_1_43' title="bbox 228 2826 2044 2877; baseline -0.007 -7"><span class='ocrx_word' id='word_1_482' title='bbox 228 2836 387 2870; x_wconf 90' lang='lat' dir='ltr'>Sedimen</span> <span class='ocrx_word' id='word_1_483' title='bbox 413 2845 494 2869; x_wconf 92' lang='lat' dir='ltr'>vero</span> <span class='ocrx_word' id='word_1_484' title='bbox 518 2836 663 2877; x_wconf 90' lang='lat' dir='ltr'>quatuor</span> <span class='ocrx_word' id='word_1_485' title='bbox 687 2833 877 2866; x_wconf 86' lang='lat' dir='ltr'>tabularum</span> <span class='ocrx_word' id='word_1_486' title='bbox 904 2832 1004 2865; x_wconf 89' lang='lat' dir='ltr'>situm</span> <span class='ocrx_word' id='word_1_487' title='bbox 1030 2832 1062 2863; x_wconf 92' lang='lat' dir='ltr'>in</span> <span class='ocrx_word' id='word_1_488' title='bbox 1088 2830 1189 2863; x_wconf 90' lang='lat' dir='ltr'>Porta</span> <span class='ocrx_word' id='word_1_489' title='bbox 1214 2830 1382 2862; x_wconf 88' lang='lat' dir='ltr'>Laudensi</span> <span class='ocrx_word' id='word_1_490' title='bbox 1410 2830 1441 2861; x_wconf 91' lang='lat' dir='ltr'>in</span> <span class='ocrx_word' id='word_1_491' title='bbox 1467 2828 1633 2861; x_wconf 84' lang='lat' dir='ltr'>Parochia</span> <span class='ocrx_word' id='word_1_492' title='bbox 1659 2827 1766 2860; x_wconf 90' lang='lat' dir='ltr'>sancti</span> <span class='ocrx_word' id='word_1_493' title='bbox 1785 2826 1851 2859; x_wconf 92' lang='lat' dir='ltr'>Viti</span> <span class='ocrx_word' id='word_1_494' title='bbox 1877 2826 2044 2868; x_wconf 88' lang='lat' dir='ltr'>papiensi,</span> 
     </span>
     <span class='ocr_line' id='line_1_44' title="bbox 226 2888 2044 2942; baseline -0.007 -9"><span class='ocrx_word' id='word_1_495' title='bbox 226 2900 269 2934; x_wconf 86' lang='lat' dir='ltr'>de</span> <span class='ocrx_word' id='word_1_496' title='bbox 293 2909 362 2942; x_wconf 91' lang='lat' dir='ltr'>quo</span> <span class='ocrx_word' id='word_1_497' title='bbox 387 2900 486 2932; x_wconf 90' lang='lat' dir='ltr'>etiam</span> <span class='ocrx_word' id='word_1_498' title='bbox 512 2899 544 2931; x_wconf 89' lang='lat' dir='ltr'>in</span> <span class='ocrx_word' id='word_1_499' title='bbox 570 2899 656 2930; x_wconf 86' lang='lat' dir='ltr'>actis</span> <span class='ocrx_word' id='word_1_500' title='bbox 681 2897 842 2939; x_wconf 91' lang='lat' dir='ltr'>predictis</span> <span class='ocrx_word' id='word_1_501' title='bbox 868 2895 1000 2928; x_wconf 88' lang='lat' dir='ltr'>mencio</span> <span class='ocrx_word' id='word_1_502' title='bbox 1026 2895 1178 2933; x_wconf 88' lang='lat' dir='ltr'>habetur,</span> <span class='ocrx_word' id='word_1_503' title='bbox 1203 2893 1302 2926; x_wconf 91' lang='lat' dir='ltr'>dietis</span> <span class='ocrx_word' id='word_1_504' title='bbox 1328 2891 1464 2931; x_wconf 82' lang='lat' dir='ltr'>Abbati,</span> <span class='ocrx_word' id='word_1_505' title='bbox 1489 2890 1674 2924; x_wconf 90' lang='lat' dir='ltr'>Canonicis</span> <span class='ocrx_word' id='word_1_506' title='bbox 1699 2892 1732 2922; x_wconf 91' lang='lat' dir='ltr'>et</span> <span class='ocrx_word' id='word_1_507' title='bbox 1756 2888 1947 2922; x_wconf 90' lang='lat' dir='ltr'>Conventui</span> <span class='ocrx_word' id='word_1_508' title='bbox 1973 2889 2044 2921; x_wconf 89' lang='lat' dir='ltr'>fore</span> 
     </span>
     <span class='ocr_line' id='line_1_45' title="bbox 227 2952 2038 2999; baseline -0.007 -3"><span class='ocrx_word' id='word_1_509' title='bbox 227 2963 436 2996; x_wconf 89' lang='lat' dir='ltr'>reddendum</span> <span class='ocrx_word' id='word_1_510' title='bbox 461 2963 493 2995; x_wconf 93' lang='lat' dir='ltr'>et</span> <span class='ocrx_word' id='word_1_511' title='bbox 518 2960 751 2999; x_wconf 90' lang='lat' dir='ltr'>relaxandum,</span> <span class='ocrx_word' id='word_1_512' title='bbox 776 2967 815 2992; x_wconf 91' lang='lat' dir='ltr'>ea</span> <span class='ocrx_word' id='word_1_513' title='bbox 840 2961 952 2991; x_wconf 90' lang='lat' dir='ltr'>tamen</span> <span class='ocrx_word' id='word_1_514' title='bbox 978 2957 1171 2990; x_wconf 89' lang='lat' dir='ltr'>conditione</span> <span class='ocrx_word' id='word_1_515' title='bbox 1207 2956 1339 2988; x_wconf 91' lang='lat' dir='ltr'>adiecta</span> <span class='ocrx_word' id='word_1_516' title='bbox 1364 2955 1455 2996; x_wconf 92' lang='lat' dir='ltr'>quod</span> <span class='ocrx_word' id='word_1_517' title='bbox 1482 2955 1509 2987; x_wconf 90' lang='lat' dir='ltr'>si</span> <span class='ocrx_word' id='word_1_518' title='bbox 1536 2954 1647 2995; x_wconf 89' lang='lat' dir='ltr'>ipsum</span> <span class='ocrx_word' id='word_1_519' title='bbox 1674 2953 1824 2986; x_wconf 91' lang='lat' dir='ltr'>sedimen</span> <span class='ocrx_word' id='word_1_520' title='bbox 1849 2952 2038 2985; x_wconf 88' lang='lat' dir='ltr'>tabularum</span> 
     </span>
     <span class='ocr_line' id='line_1_46' title="bbox 226 3013 2044 3067; baseline -0.008 -8"><span class='ocrx_word' id='word_1_521' title='bbox 226 3027 373 3067; x_wconf 90' lang='lat' dir='ltr'>quatuor</span> <span class='ocrx_word' id='word_1_522' title='bbox 396 3026 488 3058; x_wconf 89' lang='lat' dir='ltr'>esset</span> <span class='ocrx_word' id='word_1_523' title='bbox 511 3024 554 3057; x_wconf 93' lang='lat' dir='ltr'>ad</span> <span class='ocrx_word' id='word_1_524' title='bbox 580 3023 761 3056; x_wconf 92' lang='lat' dir='ltr'>comodum</span> <span class='ocrx_word' id='word_1_525' title='bbox 797 3021 898 3054; x_wconf 91' lang='lat' dir='ltr'>dictis</span> <span class='ocrx_word' id='word_1_526' title='bbox 926 3020 1032 3053; x_wconf 91' lang='lat' dir='ltr'>Priori</span> <span class='ocrx_word' id='word_1_527' title='bbox 1058 3021 1090 3052; x_wconf 91' lang='lat' dir='ltr'>et</span> <span class='ocrx_word' id='word_1_528' title='bbox 1114 3019 1285 3057; x_wconf 88' lang='lat' dir='ltr'>fratribus,</span> <span class='ocrx_word' id='word_1_529' title='bbox 1322 3019 1354 3050; x_wconf 90' lang='lat' dir='ltr'>et</span> <span class='ocrx_word' id='word_1_530' title='bbox 1390 3027 1456 3050; x_wconf 91' lang='lat' dir='ltr'>non</span> <span class='ocrx_word' id='word_1_531' title='bbox 1482 3017 1616 3049; x_wconf 91' lang='lat' dir='ltr'>cederet</span> <span class='ocrx_word' id='word_1_532' title='bbox 1640 3016 1673 3048; x_wconf 93' lang='lat' dir='ltr'>in</span> <span class='ocrx_word' id='word_1_533' title='bbox 1699 3015 1949 3048; x_wconf 89' lang='lat' dir='ltr'>incommodum</span> <span class='ocrx_word' id='word_1_534' title='bbox 1975 3013 2044 3046; x_wconf 91' lang='lat' dir='ltr'>Ab-</span> 
     </span>
     <span class='ocr_line' id='line_1_47' title="bbox 226 3077 2043 3127; baseline -0.007 -6"><span class='ocrx_word' id='word_1_535' title='bbox 226 3088 325 3127; x_wconf 86' lang='lat' dir='ltr'>batis</span> <span class='ocrx_word' id='word_1_536' title='bbox 350 3087 432 3120; x_wconf 91' lang='lat' dir='ltr'>illud</span> <span class='ocrx_word' id='word_1_537' title='bbox 457 3087 586 3120; x_wconf 89' lang='lat' dir='ltr'>eisdem</span> <span class='ocrx_word' id='word_1_538' title='bbox 612 3085 717 3118; x_wconf 89' lang='lat' dir='ltr'>Priori</span> <span class='ocrx_word' id='word_1_539' title='bbox 743 3087 774 3118; x_wconf 91' lang='lat' dir='ltr'>et</span> <span class='ocrx_word' id='word_1_540' title='bbox 799 3084 959 3117; x_wconf 87' lang='lat' dir='ltr'>fratribus</span> <span class='ocrx_word' id='word_1_541' title='bbox 985 3092 1045 3124; x_wconf 91' lang='lat' dir='ltr'>pro</span> <span class='ocrx_word' id='word_1_542' title='bbox 1071 3083 1160 3114; x_wconf 91' lang='lat' dir='ltr'>iusto</span> <span class='ocrx_word' id='word_1_543' title='bbox 1185 3081 1309 3123; x_wconf 91' lang='lat' dir='ltr'>precio,</span> <span class='ocrx_word' id='word_1_544' title='bbox 1327 3081 1426 3122; x_wconf 90' lang='lat' dir='ltr'>prout</span> <span class='ocrx_word' id='word_1_545' title='bbox 1443 3079 1528 3112; x_wconf 88' lang='lat' dir='ltr'>alias</span> <span class='ocrx_word' id='word_1_546' title='bbox 1545 3088 1588 3112; x_wconf 92' lang='lat' dir='ltr'>ex</span> <span class='ocrx_word' id='word_1_547' title='bbox 1603 3078 1711 3111; x_wconf 83' lang='lat' dir='ltr'>forma</span> <span class='ocrx_word' id='word_1_548' title='bbox 1729 3077 1896 3119; x_wconf 87' lang='lat' dir='ltr'>privilegii</span> <span class='ocrx_word' id='word_1_549' title='bbox 1922 3085 2043 3117; x_wconf 89' lang='lat' dir='ltr'>supra-</span> 
     </span>
     <span class='ocr_line' id='line_1_48' title="bbox 225 3138 2043 3190; baseline -0.008 -6"><span class='ocrx_word' id='word_1_550' title='bbox 225 3150 317 3190; x_wconf 90' lang='lat' dir='ltr'>dicti,</span> <span class='ocrx_word' id='word_1_551' title='bbox 341 3150 408 3183; x_wconf 89' lang='lat' dir='ltr'>sint</span> <span class='ocrx_word' id='word_1_552' title='bbox 432 3149 559 3182; x_wconf 91' lang='lat' dir='ltr'>astricti</span> <span class='ocrx_word' id='word_1_553' title='bbox 585 3148 731 3181; x_wconf 92' lang='lat' dir='ltr'>vendere</span> <span class='ocrx_word' id='word_1_554' title='bbox 756 3149 813 3180; x_wconf 90' lang='lat' dir='ltr'>aut</span> <span class='ocrx_word' id='word_1_555' title='bbox 838 3156 914 3179; x_wconf 91' lang='lat' dir='ltr'>cum</span> <span class='ocrx_word' id='word_1_556' title='bbox 939 3145 1004 3178; x_wconf 92' lang='lat' dir='ltr'>alia</span> <span class='ocrx_word' id='word_1_557' title='bbox 1030 3154 1062 3178; x_wconf 93' lang='lat' dir='ltr'>re</span> <span class='ocrx_word' id='word_1_558' title='bbox 1088 3145 1278 3186; x_wconf 89' lang='lat' dir='ltr'>permutare</span> <span class='ocrx_word' id='word_1_559' title='bbox 1306 3143 1508 3182; x_wconf 88' lang='lat' dir='ltr'>tenerentur,</span> <span class='ocrx_word' id='word_1_560' title='bbox 1540 3141 1777 3183; x_wconf 90' lang='lat' dir='ltr'>pronunciavit</span> <span class='ocrx_word' id='word_1_561' title='bbox 1801 3141 1833 3172; x_wconf 92' lang='lat' dir='ltr'>et</span> <span class='ocrx_word' id='word_1_562' title='bbox 1858 3138 2043 3171; x_wconf 89' lang='lat' dir='ltr'>declaravit</span> 
     </span>
    </p>
   </div>
  </div>
 </body>
</html>
