2496 3600
2009 275 2053 307 93

235 408 256 433 a
279 397 368 432 Sede
392 397 591 440 Apostolica
615 398 778 439 deputato
795 395 847 439 (1)
871 398 1031 432 fratribus
1056 401 1088 432 et
1112 401 1294 433 conventui
1313 399 1453 433 Ordinis
1471 402 1715 436 Heremitarum
1733 406 1841 437 sancti
1860 405 2053 447 Augustini,

235 470 300 505 ego
323 461 424 494 frater
446 459 601 495 Ruffinus
626 460 668 493 de
693 460 906 503 Bassignana
931 462 1022 502 prior
1046 460 1186 494 Ordinis
1211 462 1361 512 Fratrum
1388 463 1631 496 Heremitarum
1672 467 1780 498 sancti
1806 466 1985 509 Augustini
2011 469 2054 501 de

236 523 352 566 Papia,
377 523 510 556 nomine
535 531 611 555 meo
635 524 667 555 et
691 523 825 555 nomine
851 522 931 555 dicti
957 522 1106 562 Ordinis,
1132 533 1198 556 non
1224 533 1284 565 per
1308 525 1446 557 modum
1471 525 1586 565 libelli,
1612 527 1673 559 sed
1698 527 1810 568 qualis
1834 529 1946 569 qualis
1971 530 2056 570 peti—

236 587 348 626 tionis,
373 587 452 628 peto
476 585 703 618 venerabilem
729 587 761 618 et
786 585 981 627 religiosum
1007 585 1114 618 virum
1140 586 1313 618 dominum
1347 586 1481 619 fratrem
1519 587 1678 620 Iacobum
1711 588 1773 621 Dei
1800 591 1832 622 et
1857 589 2054 631 Apostolice

237 648 336 684 Sedis
360 648 466 691 gratia
490 647 648 680 abbatem
673 647 868 679 monasterii
894 648 1001 680 sancti
1028 646 1116 680 Petri
1143 649 1175 680 in
1201 648 1275 681 celo
1299 658 1403 681 aureo
1428 650 1605 691 papiensis
1623 653 1655 683 et
1672 651 1792 684 fratres
1810 660 1903 691 suos,
1922 661 1982 685 seu
2001 662 2057 685 ca-

235 713 376 747 nonicos
401 711 510 753 ipsius
534 710 739 749 monasterii,
764 718 824 751 per
849 718 912 742 vos
936 710 1110 742 dominum
1135 709 1421 744 Archidiaconum
1447 713 1744 753 subexecutorem,
1781 723 1842 755 per
1877 724 2055 747 censuram

234 774 500 812 ecclesiasticam
524 773 600 814 cogi
625 773 657 805 et
681 771 839 813 compelli
864 772 907 804 ad
933 772 1149 804 vendendum
1174 774 1207 805 et
1242 773 1468 806 traddendum
1494 774 1583 807 iusto
1609 776 1734 816 precio,
1763 777 1863 808 michi
1890 776 1996 808 Priori
2023 778 2055 809 et

237 839 328 872 dicto
351 835 533 870 conventui
558 833 698 868 Ordinis
722 834 830 866 sancti
857 833 1049 876 Augustini,
1075 834 1214 867 brachia
1239 837 1316 867 octo
1341 837 1373 868 et
1398 838 1551 877 quartam
1578 846 1690 876 unam,
1727 839 1958 879 computando
1984 838 2058 870 lati-

236 901 385 935 tudinem
410 898 493 931 muri
519 897 686 930 deversus
710 905 787 929 sero
812 896 869 937 qui
894 905 972 929 esse
997 896 1099 929 debet
1124 906 1186 930 sex
1211 899 1384 937 testarum,
1410 907 1476 939 que
1502 899 1640 932 brachia
1666 901 1744 932 sunt
1769 900 1936 933 deversus
1962 900 2060 933 meri-

237 963 325 996 diem
350 961 394 994 ab
418 969 484 993 una
509 961 603 1001 parte
628 960 660 991 et
684 959 852 991 deversus
888 959 1164 1000 septemtrionem
1201 960 1245 992 ab
1281 960 1356 999 alia,
1383 961 1578 1002 incipiendo
1614 970 1633 994 a
1670 962 1867 995 dormitorio
1892 962 2058 995 dictorum

238 1024 387 1058 Fratrum
413 1030 534 1055 versus
559 1030 636 1054 sero
660 1022 693 1053 et
717 1030 736 1053 a
760 1020 846 1053 facie
872 1020 1017 1053 ecclesie
1043 1021 1209 1054 deversus
1234 1030 1322 1062 sero,
1348 1024 1544 1063 computato
1569 1023 1710 1064 pilastro
1735 1024 1879 1057 ecclesie
1909 1025 1942 1056 in
1967 1033 2062 1056 men-

238 1095 326 1125 sura,
351 1094 394 1118 ex
419 1084 485 1117 illis
509 1083 679 1122 domibus,
705 1091 765 1115 seu
791 1082 944 1122 caxellis,
969 1082 1044 1116 solo
1069 1085 1102 1116 et
1125 1083 1241 1123 fondo,
1267 1093 1371 1126 super
1394 1085 1521 1126 quibus
1546 1085 1635 1118 dicte
1660 1086 1783 1119 domus
1807 1086 1945 1119 tondate
1971 1088 2059 1125 sunt,

239 1150 272 1183 et
287 1156 390 1190 super
405 1147 531 1189 quibus
547 1146 653 1178 fondo
677 1147 710 1178 et
734 1145 809 1178 solo
834 1146 976 1187 predicti
1002 1145 1135 1179 Fratres
1160 1146 1342 1179 hedificare
1367 1147 1485 1180 volunt
1510 1157 1549 1180 ac
1574 1148 1715 1181 dilatare
1740 1150 1772 1181 et
1797 1149 1958 1190 ampliare
1983 1149 2062 1181 dor-

240 1210 406 1244 mitorium
431 1218 530 1242 suum
555 1217 594 1241 ac
620 1208 662 1241 de
687 1217 777 1240 novo
802 1210 998 1241 construere
1023 1210 1056 1241 et
1080 1209 1230 1241 construi
1255 1209 1366 1242 facere
1392 1211 1523 1251 portam
1549 1219 1650 1243 unam
1676 1211 1717 1243 de
1743 1221 1844 1250 novo,
1870 1221 1930 1253 per
1958 1220 2059 1252 quam

239 1272 367 1316 ingredi
393 1271 526 1314 possint
550 1273 583 1303 et
607 1271 722 1313 egredi
747 1271 892 1312 primum
917 1270 1101 1303 claustrum
1127 1272 1159 1303 et
1184 1271 1308 1304 habere
1335 1272 1423 1304 viam
1449 1273 1550 1305 eundi
1576 1273 1619 1306 ad
1644 1274 1764 1306 atrium
1790 1274 1878 1306 dicte
1904 1274 2060 1312 ecclesie,

239 1336 332 1368 iuxta
356 1343 481 1367 morem
506 1335 538 1366 et
562 1333 814 1366 observantiam
840 1333 919 1366 dicti
946 1332 1086 1366 Ordinis
1110 1333 1143 1365 in
1168 1333 1244 1366 aliis
1269 1334 1423 1375 partibus
1449 1335 1599 1368 inolitam
1636 1338 1668 1368 et
1704 1336 1803 1368 etiam
1833 1337 2060 1369 observatam.

239 1396 373 1436 Quibus
397 1396 534 1438 quidem
559 1396 719 1428 domibus
743 1395 880 1428 coheret
904 1395 948 1428 ab
973 1404 1039 1428 una
1064 1397 1158 1437 parte
1196 1396 1359 1429 habitatio
1384 1399 1416 1430 et
1452 1397 1636 1430 claustrum
1673 1399 1860 1440 principale
1893 1399 2059 1430 dictorum

239 1458 399 1499 Fratrum,
423 1459 468 1492 ab
491 1458 557 1491 alia
582 1458 637 1491 via
661 1457 834 1500 pubblica,
859 1458 903 1490 ab
927 1457 993 1490 alia
1017 1460 1112 1499 parte
1137 1458 1260 1491 domus
1285 1460 1317 1491 et
1342 1459 1505 1492 habitatio
1530 1460 1696 1493 dictorum
1714 1460 1841 1492 domini
1860 1460 2004 1493 Abbatis
2029 1462 2061 1492 et

239 1519 498 1560 Canonicorum‚
523 1522 556 1554 et
580 1520 744 1562 quicquid
770 1520 854 1553 intra
879 1522 932 1553 est
957 1519 1088 1553 illorum
1114 1522 1192 1553 octo
1217 1521 1432 1554 brachiorum
1469 1523 1501 1554 et
1537 1524 1665 1563 quarte.
1706 1522 1747 1555 Et
1772 1523 1836 1555 hoc
1862 1524 1941 1564 peto
1966 1523 2061 1555 iuxta

238 1583 452 1626 privilegium
478 1583 605 1616 domini
632 1582 790 1615 Iohannis
816 1581 909 1623 Pape
935 1582 1096 1624 vigeximi
1123 1583 1276 1622 secundi,
1302 1585 1334 1616 et
1359 1583 1475 1626 vigore
1501 1584 1581 1616 dicti
1600 1584 1768 1626 privilegii
1794 1586 1873 1626 peto
1891 1584 2062 1626 prefactos

241 1646 412 1679 dominum
437 1645 605 1678 Abbatem
630 1645 773 1686 eiusque
798 1642 994 1677 Canonicos
1018 1646 1051 1677 et
1087 1643 1301 1678 Conventum
1328 1646 1486 1687 compelli
1523 1655 1584 1688 per
1608 1655 1672 1679 vos
1697 1647 1739 1679 ad
1776 1647 2006 1679 venditionem
2031 1649 2064 1678 et

239 1709 475 1742 tradditionem
500 1708 671 1741 dictorum·
691 1707 906 1740 brachiorum
931 1709 1009 1739 octo
1033 1709 1066 1740 et
1090 1709 1208 1749 quarte
1227 1708 1327 1741 unius
1345 1717 1388 1741 ex
1406 1709 1507 1741 dictis
1524 1709 1685 1741 domibus
1710 1718 1770 1742 seu
1789 1709 1942 1748 caxellis,
1961 1709 2060 1741 michi

240 1771 330 1806 dicto
354 1772 488 1804 nomine
513 1772 546 1804 et
570 1771 662 1804 dicto
687 1770 869 1803 conventui
895 1771 927 1802 et
951 1769 1111 1803 fratribus
1136 1770 1333 1812 sepedictis,
1359 1771 1449 1804 iusto
1466 1772 1593 1813 precio,
1627 1771 1829 1804 faciendam.
1856 1771 1935 1804 item
1972 1773 2062 1812 peto,

237 1846 279 1871 eo
302 1836 436 1870 nomine
449 1843 518 1877 quo
532 1842 646 1876 supra,
664 1842 725 1875 per
741 1841 804 1866 vos
818 1832 982 1865 declarari
1004 1833 1096 1874 quod
1111 1834 1230 1866 atrium
1249 1834 1338 1866 dicte
1356 1834 1501 1867 ecclesie
1527 1835 1635 1867 sancti
1653 1834 1742 1867 Petri
1757 1835 1800 1867 sit
1817 1843 1996 1867 commune
2010 1831 2063 1875 (2)

236 1902 304 1934 tam
327 1897 570 1940 suprascriptis
595 1895 768 1929 Fratribus
792 1897 824 1928 et
849 1893 1052 1935 Conventui‚
1085 1905 1187 1937 quam
1225 1896 1325 1929 dictis
1350 1897 1489 1929 domino
1514 1896 1638 1930 Abbati
1663 1899 1696 1930 et
1720 1895 1905 1930 Canonicis
1937 1906 2064 1930 memo-

238 1962 328 1996 ratis.
353 1959 543 1994 Offerentes
567 1967 620 1991 me
645 1957 795 1991 Priorem
820 1959 853 1990 et
878 1957 1011 1990 Fratres
1035 1958 1209 1999 predictos
1233 1958 1276 1991 ad
1301 1958 1494 1992 faciendum
1520 1961 1552 1992 et
1580 1960 1651 1992 fieri
1679 1959 1872 1992 faciendum
1895 1959 2063 2000 'expensis

237 2023 316 2058 dicti
341 2023 405 2056 mei
431 2021 581 2061 Ordinis,
607 2021 701 2053 iuxta
725 2020 852 2053 dictum
878 2019 1019 2059 Atrium,
1045 2020 1144 2063 longe
1170 2030 1190 2054 a
1213 2020 1300 2054 facie
1325 2021 1414 2054 dicte
1448 2021 1595 2055 ecclesia
1631 2031 1691 2063 per
1726 2022 1887 2055 tredecim
1924 2022 2062 2054 brachia

237 2085 419 2125 incluxive‚
444 2093 547 2117 unum
584 2092 714 2116 murum
739 2083 782 2115 de
807 2084 953 2124 quatuor
987 2083 1091 2115 textis
1116 2083 1158 2115 de
1184 2082 1357 2125 lapidibus
1393 2085 1426 2116 et
1461 2084 1603 2124 calcina,
1639 2084 1697 2126 qui
1722 2084 1820 2117 duret
1855 2093 1875 2116 a
1910 2083 2063 2116 secunda

236 2150 334 2191 porta
357 2147 526 2189 introytus
549 2145 630 2179 dicti
656 2145 784 2178 domini
809 2144 954 2178 Abbatis
979 2146 1012 2177 et
1036 2143 1287 2178 Canonicorum
1313 2155 1374 2187 per
1398 2146 1643 2188 longitudinem
1662 2155 1772 2188 usque
1789 2146 1832 2179 ad
1851 2146 2060 2188 sepulturam

236 2210 385 2250 alteram,
410 2218 476 2251 que
501 2210 554 2242 est
578 2208 746 2241 deversus
771 2207 956 2247 meridiem,
981 2209 1072 2240 tante
1097 2207 1286 2241 altitudinis
1325 2210 1486 2250 quantam
1523 2209 1662 2250 requirit
1698 2209 1804 2241 maior
1839 2210 1936 2250 porta
1972 2208 2062 2240 dicte

235 2272 391 2312 ecclesie,
415 2271 473 2314 qui
499 2279 615 2304 murus
640 2270 684 2303 sit
708 2279 784 2303 cum
810 2279 876 2302 una
901 2271 998 2312 porta
1037 2270 1171 2303 decenti
1196 2272 1229 2303 et
1254 2271 1460 2312 respondeat
1495 2273 1591 2313 porte
1628 2271 1744 2304 maiori
1781 2271 1869 2303 dicte
1906 2263 2061 2309 ecclesie;

235 2334 292 2377 qui
317 2342 433 2367 murus
457 2335 491 2366 et
515 2334 613 2375 porta
637 2333 705 2366 sint
730 2332 896 2365 dictorum
922 2332 1049 2364 domini
1090 2331 1235 2366 Abbatis
1271 2334 1304 2366 et
1340 2331 1603 2372 Canonicorum‚
1641 2335 1673 2366 et
1708 2333 1855 2365 offerens
1891 2341 1944 2364 me
1980 2332 2061 2364 dare

237 2406 336 2430 unam
361 2396 484 2430 clavim
509 2404 614 2438 parve
639 2397 746 2437 porte,
772 2404 838 2437 que
863 2397 915 2428 est
939 2395 972 2428 in
997 2395 1084 2428 facie
1109 2395 1198 2428 dicte
1223 2395 1380 2435 ecclesie,
1405 2396 1451 2428 ita
1475 2396 1567 2437 quod
1594 2396 1649 2428 via
1673 2395 1754 2428 dicti
1779 2395 1864 2434 atrii,
1891 2404 1951 2436 per
1982 2403 2060 2436 por-

235 2461 302 2493 tam
326 2459 369 2492 de
393 2467 484 2492 novo
508 2458 700 2491 taciendam
725 2458 820 2490 iuxta
844 2457 1098 2499 frontispixium
1120 2446 1213 2490 'dicte
1238 2457 1384 2491 ecclesie
1402 2458 1569 2491 deversus
1594 2458 1779 2497 meridiem,
1798 2457 1903 2490 libera
1920 2457 1963 2490 sit
1981 2456 2060 2489 Fra-

233 2521 345 2556 tribus
362 2521 574 2564 ingrediendi
592 2522 624 2554 et
650 2520 862 2562 regrediendi
881 2520 923 2553 de
941 2529 981 2553 ea
998 2520 1041 2553 ad
1060 2520 1241 2553 ecclesiam
1260 2521 1381 2562 ipsam,
1399 2522 1431 2553 et
1449 2521 1490 2553 de
1509 2520 1656 2553 ecclesia
1674 2521 1749 2562 ipsa
1766 2519 1874 2553 sancti
1898 2518 1987 2552 Petri
2010 2519 2061 2551 in-

236 2583 409 2627 grediendi
427 2585 459 2616 et
477 2582 690 2625 regrediendi
707 2591 768 2624 per
785 2582 913 2615 dictum
937 2583 1058 2615 atrium
1084 2582 1219 2624 plenam
1245 2583 1393 2615 habeant
1410 2582 1615 2615 facultatem.
1634 2582 1713 2615 Item
1732 2584 1811 2623 peto
1829 2582 1965 2614 nomine
1991 2590 2059 2622 quo

235 2654 349 2688 supra,
366 2655 428 2688 per
444 2654 507 2679 vos
524 2644 752 2687 pronunciari,
777 2644 941 2678 declarari
959 2646 992 2677 et
1009 2653 1070 2686 per
1086 2653 1150 2678 vos
1167 2645 1243 2687 cogi
1262 2646 1294 2678 et
1311 2644 1468 2686 compelli
1495 2645 1606 2677 dictos
1632 2645 1806 2677 dominum
1832 2643 2001 2676 Abbatem
2026 2645 2059 2676 et

236 2705 430 2742 Canonicos
447 2708 490 2741 ad
508 2707 744 2740 dimittendum
762 2707 855 2748 quod
873 2707 1016 2739 sacrista
1033 2707 1200 2739 dictorum
1219 2706 1369 2739 Fratrum
1396 2706 1640 2739 Heremitarum
1660 2697 1783 2739 habeat
1800 2708 1832 2739 et
1849 2707 1972 2746 teneat,
1998 2715 2058 2738 no-

235 2769 323 2803 mine
347 2770 514 2803 dictorum
540 2768 691 2802 Fratrum
716 2770 749 2801 et
773 2766 974 2801 Conventus
999 2777 1099 2801 unam
1125 2768 1248 2801 clavim
1274 2769 1411 2801 maioris
1436 2770 1531 2810 porte
1550 2769 1638 2801 dicte
1656 2768 1801 2801 ecclesie
1824 2769 1932 2801 sancti
1957 2767 2058 2801 Petri.

235 2830 315 2865 Item
332 2833 412 2874 peto
436 2832 529 2874 quod
554 2831 635 2864 dicti
660 2831 819 2864 dominus
844 2830 963 2863 Abbas
987 2832 1020 2863 et
1044 2829 1209 2864 Canonici
1235 2831 1302 2863 sint
1334 2830 1473 2872 obligati
1500 2833 1532 2863 et
1556 2832 1742 2870 teneantur,
1760 2832 1792 2863 et
1809 2830 1973 2864 declarari
1997 2839 2061 2864 eos

291 2988 322 3016 (l)
336 2989 394 3012 ved!
408 2989 460 3012 doc.
475 2995 498 3012 n.
513 2989 571 3012 Vlll.
1174 2987 1314 3014 riguardava
1328 2987 1343 3008 ll
1358 2987 1422 3009 culto
1437 2993 1449 3009 e
1464 2987 1486 3009 ln
1500 2987 1622 3010 economla
1643 2987 1703 3010 della
1724 2987 1816 3010 chiesa.
1842 2988 1893 3010 Non
1914 2993 1953 3010 era
1975 2988 2055 3015 perclo

290 3032 320 3060 (2)
334 3032 424 3060 Quem
438 3033 555 3056 domanda
570 3033 670 3056 dell'uso
694 3038 793 3056 comune
814 3033 931 3055 dell'atrlo
953 3038 992 3054 era
1013 3032 1119 3059 ragione-
1172 3031 1324 3053 conveniente
1348 3031 1410 3054 chel
1429 3024 1539 3054 Canonlcl
1564 3032 1734 3059 possedessero
1758 3032 1953 3055 escluslvamente
1967 3032 2054 3059 l'atrlo,

237 3077 290 3100 vole
304 3083 317 3099 e
331 3077 482 3105 :inpendente
495 3078 542 3100 allo
556 3078 641 3106 spirito
660 3078 720 3100 delle
741 3077 894 3105 disposlzlonl
916 3076 1050 3104 pommele:
1075 3082 1117 3103 per
1171 3075 1213 3098 che
1228 3081 1272 3102 pur
1286 3075 1378 3098 servlva
1393 3081 1435 3103 per
1453 3075 1555 3099 tunzlonl
1577 3076 1761 3104 ecclesiastiche,
1785 3076 1859 3099 molto
1881 3076 1920 3104 pin
1942 3077 1985 3099 che
2006 3077 2053 3099 essi

238 3121 260 3144 le
282 3121 344 3148 quali
367 3122 398 3149 gil
423 3122 547 3144 Eremitanl
571 3127 642 3144 erano
665 3122 798 3149 equum-m
812 3121 834 3143 ai
849 3121 969 3148 canonici,
984 3120 1007 3142 ln
1028 3121 1118 3147 quanto
1165 3124 1244 3143 ⁴erano
1257 3124 1350 3147 uppem
1365 3119 1387 3142 la
1401 3121 1467 3150 ίαν,
1481 3122 1548 3148 parte
1563 3120 1623 3148 degli
1639 3121 1772 3143 eremitam.
