2496 3600
1328 0 1366 15 w
1384 0 1484 23 :vers-5
1498 0 1504 7 ³
1516 0 1651 23 west-2}
1746 15 1747 18 =
1763 6 1766 7 ⁷
1812 2 1830 14 ··
1848 11 1854 14 -

486 251 526 286 18

483 387 515 419 in
539 388 712 428 posterum
738 386 900 419 duximus
936 385 1172 424 reservandas,
1197 384 1261 417 nisi
1287 384 1464 417 dumtaxat
1495 383 1539 416 de
1575 383 1792 425 parochianis
1826 383 1976 426 antiquis
2010 383 2156 418 ecclesie
2191 393 2313 418 mona-

483 449 574 482 sterii
610 448 777 491 prelibati,
813 448 870 490 qui
895 447 1103 490 sepelientur
1127 446 1218 488 apud
1244 445 1485 478 monasterium
1520 445 1738 485 antedictum,
1773 445 1816 479 de
1851 454 1995 488 quorum
2030 445 2240 480 funeralibus
2274 448 2310 481 et

483 511 603 553 legatis
627 519 688 544 seu
714 510 849 550 relictis,
875 510 1019 552 aliisque
1044 508 1226 551 quibusvis
1250 507 1493 547 oblationibus,
1517 509 1550 541 et
1573 507 1851 548 obventionibus,
1875 517 1942 550 que
1970 508 2100 542 ratione
2127 517 2308 551 corporum

484 573 633 615 ipsorum
659 573 940 614 parochianorum
966 571 1192 613 provenerint,
1217 571 1322 602 totum
1347 566 1399 610 (ut
1423 571 1475 603 est
1499 569 1664 603 hactenus
1688 567 1905 611 consuetum)
1928 570 2028 604 cedat
2051 569 2176 604 Abbati
2192 572 2226 604 et
2241 568 2311 605 Ca-

485 635 617 668 nonicis
642 635 848 667 memoratis.
886 633 1043 666 Preterea
1079 633 1275 665 ordinamus
1311 634 1344 665 et
1368 631 1537 671 volumus,
1563 634 1598 665 ut
1633 631 1835 672 oblationes,
1871 641 1938 675 que
1972 633 2158 667 offeruntur
2192 633 2226 666 in
2260 632 2312 667 al·

483 698 556 736 tari,
582 697 634 730 vel
660 697 739 730 alibi
766 697 798 729 in
824 696 1029 728 monasterio
1065 695 1242 737 prelibato,
1279 695 1311 727 in
1337 695 1493 736 pecunia,
1517 695 1642 737 pannis
1665 697 1698 728 et
1721 695 1901 735 similibus,
1932 695 1998 729 nisi
2033 696 2214 730 offerentes
2248 705 2312 729 ex-

484 768 602 801 presse
627 759 845 801 distinguant,
871 758 963 799 quid,
989 759 1195 799 quantumve
1213 757 1318 790 velint
1341 765 1419 790 esse
1437 756 1582 790 Abbatis
1605 759 1638 790 et
1661 755 1923 797 Canonicorum,
1946 759 1980 791 et
2003 757 2085 800 quid
2103 759 2311 800 quantumve

486 822 645 860 Fratrum,
671 822 737 854 sint
762 829 960 853 communes
985 819 1109 852 Abbati
1135 821 1167 852 et
1191 817 1387 859 Canonicis,
1412 828 1451 852 ac
1488 819 1661 853 Fratribus
1696 820 1891 860 antedictis;
1928 822 1963 853 ut
1998 820 2157 854 videlicet
2191 819 2312 854 Abbas

485 886 516 917 et
542 882 705 917 Canonici
725 883 949 921 medietatem,
967 884 999 915 et
1017 881 1149 915 Fratres
1174 881 1293 924 prefati
1312 882 1475 924 reliquam
1493 882 1707 915 medietatem
1724 882 1934 916 oblationum
1951 882 2099 916 habeant
2115 883 2311 916 earundem.

486 946 558 979 Alie
574 955 653 978 vero
679 946 880 984 oblationes,
894 954 960 986 que
972 944 1165 986 specialiter
1190 945 1353 986 predictis
1367 943 1491 978 Abbati
1506 946 1538 978 et
1551 942 1766 978 Canonicisa
1779 945 1939 979 fidelibus
1951 945 2029 979 date
2042 945 2176 985 fuerint,
2188 945 2313 979 cedant

486 1009 545 1048 eis;
565 1009 618 1041 ille
644 1010 755 1040 autem
781 1007 974 1039 huiusmodi
1001 1006 1203 1046 oblationes,
1229 1015 1295 1048 que
1320 1006 1474 1040 similiter
1501 1007 1630 1040 eisdem
1657 1006 1829 1041 Fratribus
1846 1016 1866 1040 a
1882 1007 1984 1040 dictis
2007 1007 2168 1041 fidelibus
2191 1007 2315 1041 extite-

486 1071 548 1103 rint
572 1072 719 1112 erogate,
745 1071 938 1102 remaneant
963 1068 1136 1102 Fratribus
1168 1069 1372 1108 memoratis;
1397 1078 1437 1102 ea
1462 1076 1584 1109 tamen,
1621 1078 1686 1112 que
1711 1069 1754 1102 ad
1791 1078 1890 1103 usum
1925 1069 2041 1104 altaris
2077 1069 2130 1103 vel
2166 1069 2313 1104 ecclesie

485 1143 546 1175 pro
572 1133 804 1171 luminaribus,
830 1132 883 1164 vel
908 1132 984 1164 aliis
1008 1132 1051 1164 ad
1077 1132 1229 1164 divinum
1255 1132 1381 1165 cultum
1406 1132 1531 1165 donata
1555 1132 1678 1166 fuerint
1702 1141 1722 1166 a
1745 1132 1905 1166 fidelibus
1940 1132 2126 1175 prelibatis,
2150 1133 2184 1166 in
2213 1141 2312 1166 usum

486 1196 681 1228 huiusmodi
707 1195 896 1228 secundum
922 1195 1004 1228 iuris
1028 1195 1234 1237 exigentiam
1259 1195 1498 1236 expendantur
1520 1195 1674 1235 fideliter,
1699 1197 1732 1228 et
1748 1196 1856 1228 -etiam
1881 1197 2130 1229 convertantur.
2147 1193 2183 1229 Si
2200 1196 2312 1229 autem

486 1267 590 1300 super
613 1258 786 1299 predictis,
812 1257 866 1290 vel
892 1257 1007 1299 aliquo
1032 1266 1094 1290 seu
1118 1257 1291 1299 aliquibus
1327 1258 1524 1297 eorundem,
1560 1260 1617 1291 aut
1641 1258 1732 1291 circa
1755 1267 1806 1298 ea,
1832 1258 1918 1291 inter
1952 1257 2119 1291 Abbatem
2144 1260 2178 1291 et
2201 1255 2316 1292 Cano-

486 1321 582 1353 nicos
607 1329 650 1353 ex
676 1322 769 1362 parte
796 1329 872 1359 una,
898 1321 930 1352 et
947 1319 1080 1352 Fratres
1105 1319 1255 1362 prefatos
1280 1329 1323 1352 ex
1349 1319 1464 1359 altera,
1489 1321 1666 1363 contigerit
1690 1320 1839 1363 aliquam
1864 1321 2118 1363 ambiguitatem
2143 1320 2232 1360 oriri,
2249 1320 2318 1354 eis·

487 1383 562 1415 dem
589 1382 724 1422 Abbati,
750 1380 934 1415 Canonicis
959 1383 991 1415 et
1027 1381 1200 1415 Fratribus
1237 1382 1405 1415 licentiam
1441 1382 1622 1425 elargimur
1651 1385 1686 1416 ut
1710 1391 1815 1425 super
1849 1383 1902 1416 his
1938 1383 2023 1416 inter
2057 1391 2136 1417 sese
2171 1382 2317 1425 possint,

484 1436 625 1487 'quando
651 1446 700 1478 eis
726 1445 897 1477 videbitur
921 1445 1094 1486 expedire,
1120 1444 1301 1478 salubriter
1324 1445 1492 1485 ordinare,
1516 1454 1556 1478 ac
1574 1447 1688 1487 petere
1714 1446 1960 1479 ordinationem
1977 1445 2172 1479 huiusmodi
2189 1454 2210 1479 a
2225 1443 2321 1479 Sede

488 1508 650 1549 predicta,
687 1508 743 1540 ubi
781 1516 869 1549 opus
894 1507 1003 1546 fuerit,
1028 1507 1228 1540 confirmari.
1255 1507 1347 1541 Licet
1371 1509 1483 1541 autem
1508 1508 1752 1550 suprascripta,
1777 1510 1877 1550 prout
1908 1508 2172 1550 distinguuntur,
2207 1507 2319 1541 duxe-

489 1571 592 1602 rimus
617 1570 796 1602 statuenda
822 1571 854 1602 et
879 1570 978 1602 etiam
1004 1569 1203 1609 ordinanda,
1229 1579 1337 1612 eaque
1373 1569 1519 1603 velimus
1555 1570 1692 1603 firmiter
1727 1570 1914 1610 observari,
1939 1570 2180 1604 nichilominus
2202 1570 2316 1603 tamen

489 1635 601 1665 nostre
627 1632 822 1665 intentionis
846 1632 962 1665 existit
986 1634 1019 1664 et
1044 1631 1203 1665 volumus
1227 1632 1320 1674 quod
1345 1632 1508 1674 predictis
1536 1631 1661 1665 Abbati
1679 1634 1712 1665 et
1739 1630 1935 1672 Canonicis,
1963 1640 2149 1674 eorumque
2177 1639 2319 1666 succes-

489 1694 635 1733 soribus,
661 1694 693 1726 in
719 1696 919 1735 perpetuum
945 1694 1151 1727 inconcussa
1175 1696 1207 1727 et
1232 1693 1360 1727 illibata
1384 1696 1603 1736 permaneant
1628 1694 1741 1728 omnia
1765 1695 1797 1728 et
1821 1694 1956 1737 singula
1980 1693 2168 1737 privilegia,
2203 1693 2318 1727 indul·

489 1756 611 1799 gentie,
636 1757 883 1798 exemptiones,
910 1756 1093 1796 libertates,
1119 1756 1358 1796 immunitates,
1383 1757 1525 1796 decime,
1551 1757 1731 1799 prioratus,
1755 1756 1890 1799 aliaque
1915 1757 2076 1796 membra,
2100 1765 2238 1800 grange,
2258 1764 2318 1790 ec-

489 1819 603 1858 clesie,
640 1819 781 1860 capelle,
818 1821 940 1859 castra,
977 1819 1067 1858 ville,
1104 1819 1242 1859 casalia,
1278 1820 1438 1859 maneria,
1475 1819 1742 1860 domus„terre,
1779 1820 1889 1860 vinee,
1925 1820 2179 1862 possessiones,
2206 1821 2314 1862 prata,

490 1890 629 1922 pascua,
666 1890 814 1921 nemora,
851 1881 959 1923 sylve,
996 1883 1127 1923 stagna,
1164 1881 1270 1921 lacus,
1307 1881 1511 1921 molendina,
1544 1882 1712 1915 decursus
1746 1891 1921 1924 aquarum,
1956 1882 2091 1924 aliaque
2123 1882 2214 1916 bona
2243 1890 2319 1915 mo-

491 1943 570 1975 bilia
595 1945 627 1975 et
652 1943 846 1982 immobilia,
873 1943 1138 1985 iuspatronatus,
1163 1945 1343 1986 ceteraque
1369 1944 1451 1983 iura,
1475 1944 1629 1977 actiones
1653 1946 1686 1977 et
1710 1944 1962 1978 iurisdictiones
1994 1945 2146 1987 ipsorum
2169 1953 2211 1978 ac
2233 1943 2316 1979 dicti

491 2006 683 2038 monasterii
710 2006 741 2037 in
768 2006 1041 2048 quibuscumque
1060 2008 1091 2038 et
1110 2006 1315 2048 ubicumque
1334 2006 1532 2046 consistant,
1551 2008 1583 2039 et
1599 2007 1874 2049 quibuscumque
1891 2007 2086 2040 nominibus
2102 2007 2317 2047 censeantur,

492 2070 526 2100 ut
550 2077 590 2100 ea
615 2068 726 2100 omnia
751 2070 783 2100 et
807 2067 941 2110 singula
966 2068 1064 2110 plene
1090 2078 1129 2101 ac
1155 2069 1259 2102 libere
1278 2069 1435 2109 habeant,
1453 2069 1608 2111 ipsisque
1626 2070 1798 2112 gaudeant
1814 2072 1847 2103 et
1864 2071 2008 2110 utantur,
2026 2071 2126 2112 prout
2149 2069 2194 2103 ad
2218 2069 2318 2112 ipsos

491 2130 644 2171 pertinet,
669 2131 942 2172 quibuscumque
961 2131 1059 2164 iustis
1084 2132 1194 2164 modis
1219 2140 1280 2164 seu
1306 2131 1422 2171 titulis,
1447 2141 1486 2165 ac
1511 2133 1561 2165 eis
1586 2133 1747 2174 competit
1771 2141 1815 2166 ex
1840 2132 2029 2175 privilegio,
2053 2132 2312 2173 consuetudine,

492 2192 544 2225 vel
570 2192 612 2225 de
637 2193 718 2232 iure;
744 2193 788 2225 ita
813 2193 905 2234 quod
931 2193 1058 2226 nullum
1095 2194 1156 2233 eis,
1182 2194 1295 2236 quoad
1333 2195 1500 2236 premissa
1535 2194 1724 2237 privilegia,
1749 2197 1782 2228 et
1806 2194 1872 2228 alia
1907 2195 2141 2237 prenominata
2175 2195 2250 2229 iura
2282 2196 2318 2229 'et
2390 2179 2400 2187 ⁴

492 2255 581 2287 bona
607 2255 768 2296 ipsorum,
794 2264 854 2288 seu
880 2255 994 2297 aliqua
1019 2256 1071 2288 vel
1097 2256 1236 2298 aliquod
1262 2257 1457 2296 eorundem,
1483 2257 1706 2298 preiudicium
1735 2259 1924 2299 generetur,
1949 2257 2002 2290 vel
2027 2257 2242 2291 obstaculum
2259 2266 2320 2291 va-

493 2317 558 2350 leat
581 2317 839 2359 quomodolibet
863 2318 1040 2359 interponi.
1071 2317 1248 2351 Postremo
1272 2328 1333 2360 per
1357 2319 1551 2352 huiusmodi
1588 2321 1761 2359 statutum,
1797 2319 2040 2359 ordinationes,
2076 2320 2248 2354 decretum
2284 2322 2320 2354 et

493 2379 686 2412 voluntates
711 2381 825 2412 nostra
850 2382 882 2412 et
907 2380 982 2419 alia,
1008 2389 1073 2422 que
1100 2381 1131 2412 in
1158 2381 1375 2422 presentibus
1401 2381 1603 2421 inseruntur,
1629 2391 1695 2414 non
1721 2381 1927 2414 intendimus
1952 2383 1987 2415 ut
2011 2381 2091 2415 dicti
2109 2381 2243 2415 Fratres
2267 2382 2320 2424 ip-

494 2442 541 2474 sis
566 2441 702 2481 Abbati,
728 2440 919 2475 Conventui
946 2451 1006 2475 seu
1032 2441 1217 2475 Canonicis
1242 2443 1308 2475 sint
1333 2444 1488 2483 subiecti,
1514 2453 1576 2476 nec
1601 2443 1701 2476 etiam
1726 2453 1744 2477 e
1769 2453 1948 2484 converso;
1973 2444 2034 2477 sed
2059 2442 2223 2478 Canonici
2243 2453 2321 2487 pre-

493 2504 550 2536 fati
575 2501 691 2545 (prout
716 2502 833 2545 modo)
858 2504 982 2537 Abbati
1009 2505 1144 2537 subsint
1168 2506 1289 2544 eidem,
1315 2508 1347 2538 et
1371 2506 1582 2548 corrigantur
1605 2509 1638 2539 et
1662 2507 1854 2548 puniantur,
1880 2507 1936 2540 ubi
1963 2515 2105 2540 necesse
2129 2507 2239 2547 fuerit,
2274 2507 2319 2540 ab

494 2567 624 2605 eodem;
650 2576 781 2599 necnon
807 2567 990 2599 observent
1030 2576 1126 2600 suam
1156 2568 1304 2610 regulam
1342 2577 1492 2610 suasque
1529 2569 1638 2602 licitas
1663 2571 1695 2602 et
1720 2569 1882 2602 honestas
1917 2570 2195 2609 consuetudines,
2230 2570 2320 2603 sicut

495 2629 598 2669 prius;
624 2629 765 2670 predicti
792 2638 872 2662 vero
887 2629 1030 2669 Fratres,
1056 2630 1243 2662 seeundum
1269 2630 1417 2672 regulam
1444 2632 1650 2671 eorumdem,
1674 2639 1714 2664 ac
1739 2632 1917 2674 privilegia
1940 2633 1973 2664 et
1997 2631 2225 2674 indulgentias
2248 2631 2322 2666 dic·
2378 2657 2418 2666 γ-

494 2692 547 2722 tae
573 2689 673 2723 Sedis
698 2691 762 2732 ipsi
796 2690 915 2724 Ordini
953 2691 1172 2724 Eremitarum
1198 2692 1337 2732 indulta,
1378 2702 1528 2734 suasque
1565 2694 1832 2726 consuetudines
1857 2696 1889 2726 et
1913 2694 2174 2726 constitutiones
2194 2693 2320 2727 ›licitas

495 2754 527 2784 et
552 2753 713 2785 honestas
739 2753 865 2793 vivant,
891 2755 923 2786 et
947 2763 967 2786 a
991 2754 1130 2795 prelatis
1155 2755 1364 2797 corrigantur
1389 2765 1503 2788 eorum
1529 2758 1562 2788 et
1586 2757 1778 2797 puniantur,
1802 2757 1902 2798 prout
1926 2764 2015 2797 opus
2053 2755 2162 2796 fuerit,
2198 2764 2323 2789 secun·

496 2814 575 2846 dum
601 2815 652 2846 sui
678 2813 817 2848 Ordinis
842 2816 1068 2857 disciplinam.
1094 2817 1170 2849 Non
1196 2817 1412 2850 obstantibus
1437 2818 1635 2859 supradicto
1675 2827 1858 2851 cannarum
1894 2818 2084 2860 privilegio,
2109 2820 2142 2851 et
2177 2818 2320 2860 quibus-
2379 2812 2399 2827 ⁷*

497 2876 576 2908 libet
601 2876 687 2915 aliis,
712 2886 773 2918 per
797 2887 862 2918 que
887 2879 1013 2918 statuti,
1038 2879 1271 2919 ordinationis,
1297 2880 1433 2919 decreti,
1459 2882 1491 2912 et
1520 2880 1729 2913 voluntatum
1766 2882 1955 2913 nostrorum
1984 2881 2211 2922 predictorum
2240 2889 2323 2914 exe-

497 2939 614 2979 quutio
640 2939 792 2980 impediri
819 2942 937 2981 posset
962 2941 1228 2982 quomodolibet,
1254 2942 1307 2975 vel
1332 2942 1467 2981 differri,
1493 2945 1525 2975 et
1549 2943 1591 2975 de
1617 2943 1743 2984 quibus
1767 2943 1902 2984 plenam
1927 2944 1960 2975 et
1983 2951 2184 2984 expressam
2220 2951 2323 2985 opor·

497 3002 579 3032 teret
605 3001 636 3032 in
662 3001 791 3033 eisdem
817 3003 1035 3042 presentibus
1060 3004 1130 3036 fieri
1157 3005 1371 3037 mentionem.

586 3062 676 3094 Nulli
703 3072 783 3105 ergo
808 3065 945 3097 omnino
971 3066 1143 3098 hominum
1169 3067 1268 3100 liceat
1292 3067 1378 3099 hanc
1404 3067 1561 3109 paginam
1588 3069 1778 3100 nostrorum
1819 3067 1945 3107 statuti,
1969 3067 2203 3107 ordinationis,
2239 3073 2338 3100 con-'
2379 3058 2422 3101 Ῠ

499 3125 692 3164 stitutionis,
718 3126 967 3166 prohibitionis,
993 3129 1243 3168 reservationis,
1269 3130 1504 3162 concessionis
1529 3132 1562 3162 et
1586 3129 1797 3162 voluntatum
1822 3130 2014 3172 infringere,
2039 3130 2092 3162 vel
2117 3130 2147 3162 ei
2165 3138 2251 3163 ausu
2272 3131 2323 3163 te·
2383 3119 2406 3161 j]
