2496 3600
1924 246 1984 276 177

141 363 143 366 Δ
141 389 243 419 rum
266 379 444 422 syndicum
469 379 501 410 et
525 380 776 420 procuratorem
801 387 917 411 eorum
943 379 1088 417 nomine,
1113 378 1155 410 ad
1181 377 1441 419 permittendum
1466 377 1577 409 dictos
1613 376 1810 417 capellanos
1839 377 1918 409 dicti
1944 376 1985 409 D.

115 438 155 493 ζ
155 441 314 477 Abbatis
338 441 443 474 libere
468 440 639 473 celebrare
665 441 790 473 missas
815 442 847 474 et
871 441 936 473 alia
961 441 1077 473 divina
1102 440 1212 472 officia
1238 440 1270 472 in
1296 440 1386 472 dicta
1411 439 1575 471 Ecclesia.

124 544 125 547 Ἴ
149 494 174 542 J
258 503 338 537 Item
362 503 508 536 dicimus
533 505 565 536 et
589 503 859 544 pronuntiamus,
885 505 919 535 ut
945 512 1058 544 supra,
1092 503 1238 544 perticas
1263 502 1284 534 6
1308 504 1340 534 et
1376 502 1510 534 tabulas
1538 502 1578 534 10
1602 501 1778 534 sediminis
1815 502 1916 542 positi
1953 502 1985 533 in

119 566 304 614 {civitate
327 565 433 607 Papie
458 565 550 606 apud
575 566 699 598 dictam
725 565 924 605 Ecclesiam,
950 566 1003 598 cui
1030 566 1188 598 coherere
1214 565 1369 597 solebant
1394 565 1437 597 ab
1463 573 1528 596 una
1553 566 1647 605 parte
1674 564 1718 595 illi
1744 564 1786 596 de
1804 562 1904 596 Sistis
1929 564 1988 596 fic-

124 615 278 674 &tuales
301 628 380 661 dicti
406 628 611 667 monasterii,
636 630 667 660 et
692 637 781 660 nunc
807 628 943 660 coheret
968 627 1107 660 illustris
1132 627 1291 659 dominus
1317 625 1443 660 Galeaz
1476 626 1687 665 Vicecomes,
1712 624 1837 659 Comes
1877 625 1988 658 Virtu-

128 692 250 730 tum,
273 691 348 730 etc„
372 689 416 722 ab
439 689 508 722 alia
532 689 659 722 dictum
685 690 926 722 monasterium
953 687 986 722 S.
1012 688 1110 726 Petri,
1137 691 1169 721 et
1194 690 1226 721 in
1252 691 1346 730 parte
1371 689 1452 721 dicti
1477 689 1596 721 fratres
1621 687 1654 721 S.
1681 687 1873 730 Augustini,
1898 690 1929 720 et
1953 688 1987 719 in

115 738 262 796 {parte
286 752 332 785 illi
357 752 399 786 de
424 751 634 791 Fiambertis,
659 752 702 784 ab
727 752 793 784 alia
817 752 976 784 coherere
1002 753 1254 784 consueverunt
1278 751 1324 783 illi
1350 751 1391 784 de
1416 751 1618 790 Bovatariis,
1643 752 1676 783 et
1700 759 1788 783 nunc
1829 751 1990 783 coherent

125 816 142 855 j
162 806 247 858 ssdicti
270 815 402 854 fratres,
426 814 533 848 salvis
558 815 635 847 aliis
659 815 864 847 coherentiis
890 814 1072 855 descriptis
1098 814 1130 846 in
1155 814 1246 847 dicta
1271 815 1443 855 petitione,
1468 814 1560 855 quod
1579 814 1658 846 dicti
1688 813 1784 846 Prior
1807 816 1839 846 et
1856 813 1989 846 Fratres

168 877 203 915 8.
227 877 408 920 Augustini
433 879 547 910 tenere
565 878 817 909 consueverunt
835 877 867 908 in
885 877 1121 918 emphiteosim
1139 878 1337 917 perpetuam
1355 885 1375 908 a
1392 876 1482 908 dicto
1500 877 1715 915 monasterio,
1732 876 1839 908 fuisse
1857 877 1890 908 et
1910 885 1989 908 esse

130 938 366 985 {devolutum
391 941 424 972 et
449 940 601 981 apertum
641 939 684 971 ad
709 939 820 971 dictos
846 938 886 971 D.
912 938 1091 978 Abbatem,
1127 936 1322 971 Canonicos
1359 940 1390 970 et
1425 936 1639 971 Conventum
1676 938 1756 970 dicti
1794 939 1988 970 monasterii

123 995 150 1035 s,
168 1001 202 1037 S.
226 1001 327 1042 Petri,
352 1004 385 1035 et
409 1002 535 1034 dictum
560 1010 675 1034 eorum
700 1001 880 1043 syndicum
906 1003 937 1034 et
962 1003 1213 1042 procuratorem
1254 1010 1369 1033 eorum
1407 1002 1552 1039 nomine,
1589 1003 1727 1042 propter
1763 1001 1988 1033 cessationem

118 1061 142 1106 Ἀ
167 1065 346 1099 solutionis
382 1064 487 1097 debiti
523 1063 665 1096 canonis
703 1063 788 1096 ultra
812 1065 947 1104 tempus
972 1072 991 1095 a
1016 1063 1086 1095 iure
1122 1064 1295 1101 statutum,
1320 1065 1352 1095 et
1377 1063 1488 1104 ipsum
1529 1063 1680 1095 sedimen
1717 1072 1792 1095 cum
1829 1063 1988 1096 omnibus

128 1116 240 1174 Jgsuis
264 1126 419 1165 edificiis,
443 1125 574 1158 iuribus
599 1127 631 1158 et
656 1125 878 1167 pertinentiis,
903 1125 1070 1166 pertinere
1094 1126 1127 1157 et
1150 1126 1305 1166 spectare
1334 1125 1435 1166 pleno
1472 1125 1542 1157 iure
1578 1125 1621 1156 ad
1658 1125 1769 1157 dictos
1806 1123 1988 1157 Dominum

118 1177 133 1218 s?
166 1187 345 1227 Abbatem,
370 1186 566 1221 Canonicos
590 1189 622 1220 et
646 1183 861 1220 Conventum
888 1187 967 1219 dicti
994 1187 1188 1219 monasterii
1214 1185 1247 1219 S.
1273 1185 1374 1226 Petri,
1399 1189 1431 1219 et
1456 1187 1582 1219 dictum
1609 1196 1724 1219 eorum
1750 1187 1928 1229 syndicum
1954 1190 1987 1220 et

131 1252 415 1294 [procuratorem
440 1259 556 1283 eorum
581 1250 738 1289 nomine;
764 1250 930 1291 ipsosque
954 1248 1115 1287 Priorem,
1140 1248 1271 1287 fratres,
1297 1250 1328 1281 et
1353 1247 1567 1281 Conventum
1593 1248 1626 1282 S.
1642 1248 1834 1291 Augustini,
1860 1251 1892 1282 et
1917 1250 1988 1282 dic-

121 1329 145 1362 ,³
162 1314 235 1348 tum
259 1322 374 1346 eorum
399 1313 578 1355 syndicum
603 1314 636 1345 et
660 1314 912 1354 procuratorem
938 1321 1053 1344 eorum
1079 1311 1215 1343 nomine
1233 1311 1500 1343 condemnamus
1518 1311 1560 1343 ad
1582 1312 1817 1344 dimittendum
1836 1314 1867 1344 et
1885 1312 1988 1344 libere

166 1375 388 1411 relaxandum
412 1375 512 1408 dictis
536 1373 683 1407 Domino
708 1374 844 1414 Abbati,
870 1372 1054 1407 Canonicis
1079 1375 1111 1406 et
1135 1372 1327 1406 Conventui
1353 1374 1547 1406 monasterii
1573 1372 1606 1407 S.
1633 1373 1732 1413 Petri,
1758 1376 1790 1406 et
1815 1374 1904 1406 dicto
1929 1383 1988 1407 eo-

165 1447 237 1472 rum
262 1439 406 1481 syndico
430 1440 463 1471 et
486 1438 696 1480 procuratori
722 1447 838 1470 eorum
863 1438 1009 1476 nomine,
1027 1437 1154 1469 dictum
1180 1437 1333 1469 sedimen
1360 1445 1435 1468 cum
1461 1437 1620 1469 omnibus
1645 1437 1718 1469 suis
1737 1437 1914 1476 hedificiis,
1937 1438 1989 1469 iu-

116 1487 150 1542 ’,ἶ
164 1501 260 1535 ribus
283 1502 317 1533 et
340 1500 562 1542 pertinentiis.

113 1606 129 1612 .,
253 1562 333 1596 item
358 1563 504 1596 dicimus
529 1565 561 1596 et
586 1563 856 1604 pronuntiamus,
882 1564 917 1594 ut
942 1570 1056 1603 supra,
1081 1561 1230 1600 domum,
1256 1570 1322 1602 que
1346 1561 1538 1603 appellatur
1561 1562 1679 1593 schola
1697 1562 1862 1594 dictorum
1884 1561 1986 1594 >Prio-

107 1622 131 1651 'f
165 1626 222 1672 ris,
246 1625 398 1658 Fratrum
422 1627 455 1658 et
479 1623 678 1659 Conventus
703 1623 736 1658 S.
762 1624 955 1667 Augustini,
980 1625 1126 1666 positam
1151 1624 1184 1656 in
1210 1624 1345 1656 civitate
1382 1623 1487 1665 Papie
1523 1624 1615 1665 apud
1641 1624 1763 1656 dictam
1790 1623 1987 1664 Ecclesiam,

112 1698 137 1726 ’,ς
167 1688 222 1721 cui
246 1687 382 1720 coheret
406 1687 450 1720 ab
475 1696 542 1720 una
567 1689 661 1728 parte
686 1687 886 1720 cimiterium
911 1686 992 1719 dicti
1018 1686 1224 1725 monasterii,
1249 1686 1292 1718 ab
1317 1685 1382 1718 alia
1407 1686 1519 1727 platea
1544 1686 1744 1725 communis,
1762 1686 1804 1718 ab
1822 1686 1888 1718 alia
1920 1686 1993 1718 dic-

111 1771 133 1792 ·.·
167 1751 238 1783 tum
262 1749 516 1789 monasterium,
541 1749 648 1782 salvis
673 1749 749 1782 aliis
774 1749 990 1788 coherentiis,
1027 1749 1193 1790 pertinere
1219 1750 1251 1781 et
1276 1751 1431 1790 spectare
1458 1748 1559 1790 pleno
1585 1749 1654 1780 iure
1679 1749 1721 1780 ad
1748 1748 1858 1781 dictos
1883 1747 1989 1781 Dom-

116 1819 118 1821 '
167 1820 248 1847 num
273 1811 452 1851 Abbatem,
477 1810 674 1845 Canonicos
698 1813 731 1844 et
755 1809 969 1844 Conventum
995 1811 1189 1843 monasterii
1215 1809 1250 1844 S.
1277 1810 1377 1850 Petri,
1402 1812 1435 1843 et
1459 1811 1500 1843 ad
1519 1811 1643 1843 dictum
1663 1820 1776 1843 eorum
1800 1811 1990 1852 syndicum,

169 1875 202 1908 et
225 1876 478 1916 procuratorem
503 1883 618 1908 eorum
643 1875 789 1913 nomine,
815 1874 979 1915 ipsosque
1005 1866 1166 1913 Priorem,
1192 1873 1324 1906 Fratres
1349 1875 1381 1906 et
1406 1871 1619 1906 Conventum
1646 1872 1679 1906 S.
1705 1872 1886 1915 Augustini
1912 1882 1993 1905 con-

157 1936 370 1970 'demnamus
394 1938 427 1970 et
451 1937 698 1970 condemnatos
733 1937 934 1975 iudicamus,
958 1945 998 1968 ac
1022 1937 1121 1968 etiam
1158 1936 1285 1969 dictum
1323 1945 1436 1968 eorum
1474 1936 1651 1977 syndicum
1685 1938 1717 1968 et
1742 1938 1992 1977 procuratorem

169 2006 284 2032 eorum
309 1999 443 2032 nomine
468 1999 511 2031 ad
537 1999 772 2032 dimittendum
797 2000 830 2032 et
854 1998 957 2031 libere
982 1998 1202 2031 relaxandum
1227 1998 1350 2031 dictam
1376 1998 1512 2030 domum
1538 2007 1613 2030 cum
1643 1998 1801 2030 omnibus
1826 1998 1898 2030 suis
1923 1998 1996 2030 edi-

91 2056 126 2101 ’ς
168 2061 266 2102 ficiis,
291 2062 422 2095 iuribus
445 2064 478 2095 et
501 2062 714 2104 pertinentiis
738 2062 838 2094 dictis
851 2060 986 2094 Domno
999 2061 1135 2101 Abbati,
1153 2059 1337 2094 Canonicis
1362 2064 1392 2093 et
1418 2059 1608 2094 Conventui
1628 2061 1821 2093 monasterii
1840 2059 1872 2093 S.
1891 2059 1993 2100 Petri,

117 2151 132 2171 ¹3
170 2125 203 2158 et
226 2123 317 2158 dicto
341 2133 458 2158 eorum
483 2125 629 2167 syndico
654 2126 687 2157 et
711 2125 920 2166 procuratori
946 2133 1061 2157 eorum
1088 2124 1233 2156 nomine.

118 2222 123 2230 ,Ἰ
194 2207 199 2211 -
259 2185 338 2220 Item
362 2187 509 2220 dicimus
534 2189 567 2220 et
591 2187 866 2228 pronunciamus,
904 2189 939 2219 ut
974 2195 1089 2228 supra,
1125 2184 1345 2225 Cimiterium,
1378 2186 1469 2227 quod
1495 2187 1547 2218 est
1571 2186 1647 2218 ante
1671 2175 1789 2218 taciem
1815 2185 1904 2218 dicte
1930 2185 1995 2218 Ec-

130 2238 136 2243 ”
170 2248 284 2289 clesie,
320 2250 486 2291 pertinere
510 2250 543 2282 et
567 2251 721 2291 spectare
757 2249 860 2291 pleno
896 2250 966 2282 iure
991 2249 1034 2281 ad
1060 2249 1170 2281 dictos
1195 2247 1236 2280 D.
1262 2247 1440 2287 Abbatem,
1477 2246 1672 2281 Canonicos
1708 2250 1740 2280 et
1776 2246 1991 2280 Conventum

106 2299 126 2347 1³
170 2309 205 2345 S.
230 2310 331 2351 Petri,
355 2314 388 2344 et
411 2312 539 2345 dictum
575 2321 691 2344 eorum
727 2312 906 2353 syndicum
944 2313 976 2344 et
1013 2313 1264 2352 procuratorem
1301 2320 1415 2343 eorum
1452 2311 1597 2350 nomine,
1634 2311 1798 2352 ipsosque
1831 2309 1992 2348 Priorem,

103 2368 123 2409 s·
172 2373 292 2407 fratres
315 2375 348 2407 et
373 2372 587 2408 Conventum
613 2372 646 2407 S.
672 2373 865 2416 Augustini,
890 2375 922 2406 et
946 2373 1073 2406 dictum
1099 2382 1214 2406 eorum
1240 2373 1419 2415 syndicum
1445 2375 1476 2405 et
1502 2374 1753 2414 procuratorem
1791 2381 1906 2405 eorum
1932 2381 1994 2404 no-

107 2457 135 2478 ‚⁴
171 2436 270 2476 mine,
295 2436 562 2469 condemnamus
586 2438 619 2469 et
643 2436 887 2469 condemnatos
912 2436 1103 2468 iudicamus
1127 2436 1169 2468 ad
1195 2435 1431 2468 dimittendum
1457 2437 1489 2467 et
1514 2435 1617 2467 libere
1653 2435 1874 2467 relaxandum
1908 2435 1994 2476 ipsis

146 2490 147 2494 ¹
171 2496 214 2532 D.
238 2497 374 2538 Abbati,
399 2496 583 2532 Canonicis
607 2500 640 2531 et
665 2496 856 2532 Conventui
881 2499 1075 2531 monasterii
1101 2496 1134 2531 S.
1159 2497 1260 2537 Petri,
1285 2500 1317 2530 et
1341 2498 1432 2530 dicto
1457 2506 1572 2530 eorum
1609 2497 1753 2539 syndico
1777 2498 1809 2529 et
1834 2506 1995 2538 procura-

174 2561 236 2594 tori
261 2570 376 2594 eorum
403 2561 550 2600 nomine,
575 2560 701 2593 dictum
726 2561 926 2593 cimiterium
951 2569 1027 2593 cum
1052 2560 1211 2593 omnibus
1236 2561 1308 2593 suis
1334 2560 1464 2592 iuribus
1488 2562 1520 2592 et
1545 2560 1765 2601 pertinentiis.

262 2622 342 2656 ltem
366 2623 513 2656 dicimus
538 2625 570 2656 et
594 2623 864 2665 pronuntiamus,
901 2624 936 2655 ut
971 2632 1086 2664 supra,
1122 2623 1248 2655 dictum
1285 2621 1325 2654 D.
1352 2621 1519 2655 Abbatem
1545 2622 1669 2654 habere
1694 2622 1818 2654 debere
1843 2622 1875 2654 in
1900 2622 1991 2654 dicta

107 2670 142 2707 :f'
174 2683 328 2719 Ecclesia
351 2687 384 2719 et
407 2684 522 2719 Choro
547 2686 657 2728 ipsius
681 2685 825 2718 ecclesie
861 2686 1003 2727 primam
1040 2685 1168 2724 sedem,
1205 2686 1299 2717 iuxta
1336 2685 1477 2717 formam
1514 2684 1680 2726 privilegii
1706 2685 1862 2717 concessi
1887 2684 1989 2717 dictis

114 2752 120 2776 -’
176 2746 335 2782 fratribus
371 2757 431 2790 per
465 2748 521 2782 fel.
559 2757 624 2781 rec.
661 2746 825 2781 Sanctiss.
851 2748 884 2780 in
909 2746 1046 2781 Christo
1083 2747 1216 2780 Patrem
1241 2750 1273 2780 et
1309 2746 1382 2779 DD.
1421 2746 1601 2785 Iohannem
1637 2747 1753 2779 divina
1778 2747 1993 2788 providentia

98 2811 127 2854 f]
174 2809 302 2853 Papam
327 2810 415 2844 XXll
441 2813 473 2845 et
497 2811 686 2844 secundum
711 2810 852 2844 formam
877 2813 1051 2852 pactorum
1077 2811 1233 2843 initorum
1259 2812 1291 2843 et
1316 2810 1561 2843 celebratorum
1587 2810 1672 2842 inter
1697 2811 1809 2851 partes
1845 2810 1995 2849 easdem,

42 2862 62 2885 ¹*
174 2873 338 2916 ipsosque
361 2873 521 2914 Priorem,
545 2874 665 2907 fratres
689 2875 722 2907 et
746 2872 960 2907 Conventum
986 2871 1019 2907 S.
1045 2872 1237 2915 Augustini,
1262 2875 1295 2906 et
1318 2873 1445 2906 dictum
1471 2882 1586 2906 eorum
1611 2873 1790 2915 syndicum
1816 2874 1848 2905 et
1873 2882 1998 2914 procu-

110 2936 128 2986 ᾗ
175 2937 318 2976 ratorem
342 2945 458 2970 eorum
483 2937 618 2970 nomine
642 2937 910 2969 condemnamus
934 2938 966 2968 et
990 2935 1235 2968 condemnatos
1252 2935 1511 2977 pronuntiamus
1528 2935 1571 2967 ad
1588 2935 1824 2968 dimittendum
1842 2936 1874 2968 et
1891 2934 1995 2968 libere

109 2988 132 3003 ”
174 2997 397 3032 relaxandum
422 2999 514 3032 dicto
538 2998 580 3032 D.
606 2998 730 3032 Abbati
756 2999 867 3031 locum
893 3007 1003 3037 suum,
1029 2998 1102 3030 sive
1127 2998 1269 3039 primam
1294 2997 1411 3030 sedem
1437 2998 1469 3030 in
1495 2995 1610 3031 Choio
1626 2997 1716 3030 dicte
1735 2997 1886 3030 Ecclesie
1901 2998 1996 3030 iuxta

112 3062 134 3098 ᾗ
174 3059 315 3095 formam
339 3062 507 3105 privilegii
531 3064 564 3096 et
588 3064 762 3104 pactorum
788 3062 1025 3104 predictorum.

112 3106 131 3117 ⁴
264 3122 343 3157 ltem
367 3124 512 3158 dicimus
536 3127 569 3158 et
593 3124 862 3166 pronuntiamus,
888 3125 923 3156 ut
947 3131 1061 3165 supra,
1086 3123 1198 3156 dictos
1223 3122 1383 3162 Priorem,
1409 3122 1542 3156 Fratres
1566 3124 1599 3156 et
1623 3121 1837 3157 Conventum
1863 3122 1896 3156 S.
1926 3122 1997 3155 Au-

1964 3190 1992 3213 23
