2496 3600
1981 262 2025 305 69

111 412 155 447 1
195 409 285 445 §tini
306 410 340 444 et
362 404 469 442 Priori
493 407 699 441 Provinciali
724 407 758 440 in
782 406 960 449 provincia
984 406 1186 439 LombardIe
1210 405 1320 447 ipsius
1338 403 1478 438 Ordinis
1495 406 1527 437 et
1543 404 1634 437 fratri
1653 403 1829 447 Raynaldo
1846 405 1888 437 de
1911 404 2027 438 Brixia

155 478 159 479 ⁷
203 471 332 512 sectori,
353 470 446 504 fratri
469 469 662 512 Augustino
686 469 729 502 de
753 468 920 511 Pergamo
944 468 1072 508 lectori,
1096 468 1188 501 fratri
1212 467 1348 502 Ruftino
1372 467 1414 500 de
1440 466 1654 509 Bassignana
1679 466 1807 499 vicario
1824 466 2028 508 infrascripti

205 535 405 573 conventus,
427 532 520 566 fratri
545 531 668 565 Iacobo
692 532 735 565 de
760 530 870 571 Senis,
894 531 986 564 fratri
1011 531 1151 564 Matheo
1176 530 1219 563 de
1244 529 1360 570 Roma,
1384 529 1476 562 fratri
1501 528 1649 562 Antonio
1666 529 1709 562 de
1731 529 1913 572 Hongaria,
1937 529 2029 562 fratri

208 594 332 630 Iacobo
347 595 390 628 de
407 593 480 634 Ast,
513 593 606 627 fratri
631 592 815 627 Guillelmo
839 593 882 626 de
906 592 1057 632 Boemia,
1081 592 1173 625 fratri
1198 591 1368 625 Nicholao
1392 591 1435 624 de
1460 590 1626 624 Anchona
1649 593 1682 624 et
1705 591 1797 624 fratri
1823 590 1971 624 Antonio
1988 591 2030 624 de

202 657 325 700 Papia,
346 652 508 690 fratribus
531 655 816 689 conventualibus
840 657 1031 688 conventus
1056 654 1207 688 Fratrum
1223 654 1304 687 dicti
1321 653 1461 687 Ordinis
1479 654 1734 694 Heremitarum,
1752 654 2031 687 commorantium

123 755 125 758 ⁴
205 719 300 763 apud
323 712 450 752 dictum
475 718 717 751 monasterium
741 715 856 751 Sancti
881 716 1015 750 Petri....
1040 717 1188 750 tabullas
1212 717 1392 759 sexaginta
1427 716 1605 750 sediminis
1641 716 1743 758 positi
1768 718 1801 749 et
1825 716 1967 749 iacentis
1999 717 2032 748 in

204 781 315 824 Papia
338 780 372 813 in
395 778 497 813 Porta
521 779 692 813 Laudensi
717 779 751 812 in
775 778 943 812 Parochia
967 778 1082 813 Sancti
1107 778 1185 819 Viti,
1210 779 1264 812 cui
1290 779 1428 812 coheret
1451 787 1471 812 a
1495 787 1593 811 mane
1618 777 1767 811 Sillanus
1792 778 1975 811 Furnarius
2000 779 2033 811 in

208 844 303 887 parte
327 844 360 876 et
384 842 417 875 in
441 843 536 884 parte
561 841 618 874 via
641 843 674 874 et
697 842 731 874 in
755 843 850 883 parte
875 841 1019 875 heredes
1051 841 1224 883 quondam
1261 840 1422 874 Bertolini
1458 840 1632 873 Furnarii:
1662 849 1682 873 a
1717 841 1857 874 meridie
1882 841 1915 873 in
1940 842 2035 885 parte

119 903 124 911 ”
148 912 150 914 ’
207 903 379 939 Bovatarii
403 905 436 937 et
459 904 493 936 in
517 905 612 946 parte
637 903 778 937 Bastoni
803 905 836 936 et
860 904 893 936 in
917 905 1012 946 parte
1049 903 1216 936 lohannes
1240 902 1368 946 vegius
1404 903 1462 944 qui
1487 903 1611 936 dicitur
1645 901 1785 937 Canalis
1817 904 1850 936 et
1882 903 1915 935 in
1940 905 2035 945 parte

209 967 364 1002 lacomus
398 966 620 1006 Fiambertus;
656 975 676 999 a
711 975 789 999 sero
824 966 952 999 dictum
988 966 1230 999 monasterium
1267 964 1382 999 Sancti
1419 965 1509 998 Petri
1535 966 1568 998 in
1593 967 1688 1007 parte
1712 967 1746 998 et
1769 966 1802 998 in
1827 967 1922 1007 parte
1955 965 2036 999 dicti

208 1029 328 1064 tratres
362 1028 620 1068 Heremitarum,
644 1030 677 1061 et
700 1037 720 1061 a
745 1028 837 1061 nulla
861 1028 944 1061 hora
968 1028 1081 1061 dictus
1120 1026 1270 1062 Sillanus
1310 1027 1504 1068 Furnarius,
1537 1028 1611 1061 sive
1636 1027 1714 1069 plus
1754 1027 1808 1061 vel
1849 1028 1962 1061 minus
1994 1027 2038 1061 sit

209 1090 264 1127 etc
265 1116 318 1126 .....
342 1091 384 1124 Et
407 1099 507 1124 versa
531 1091 607 1124 vice
631 1090 712 1124 dicti
737 1089 835 1123 Prior
857 1092 890 1124 et
915 1090 1048 1124 Fratres
1073 1090 1154 1123 dicti
1179 1089 1319 1123 Ordinis
1350 1089 1629 1123 Heremitarum...
1665 1091 1913 1132 promisserunt
1937 1090 2039 1124 dictis

209 1154 350 1189 domino
373 1153 498 1187 Abbati
523 1155 556 1186 et
579 1152 753 1186 Fratribus
777 1153 858 1186 dicti
883 1153 1079 1186 monasterii
1104 1151 1219 1186 Sancti
1244 1152 1367 1186 Petri...
1393 1153 1444 1186 eis
1469 1153 1549 1186 dare
1574 1154 1607 1186 et
1631 1153 1765 1186 solvere
1789 1153 1904 1186 fictum
1929 1154 1962 1186 et
1979 1162 2041 1186 no-

210 1217 300 1251 mine
322 1215 391 1249 ficti
415 1215 458 1248 de
483 1215 637 1257 predicto
661 1215 828 1248 sedimine
852 1215 886 1247 in
910 1215 999 1248 festo
1031 1213 1146 1248 Sancti
1182 1214 1320 1247 Martini
1357 1215 1512 1257 proxime
1550 1215 1706 1248 veniente
1731 1217 1764 1248 et
1788 1215 1912 1248 deinde
1949 1215 2039 1248 omni

211 1283 302 1312 anno
324 1277 358 1310 in
381 1277 471 1311 testo
495 1275 610 1310 Sancti
634 1274 772 1311 Martini
797 1276 957 1310 denarios
981 1276 1162 1319 sexaginta
1186 1276 1372 1318 papienses
1397 1276 1558 1309 videlicet
1581 1277 1758 1310 denarium
1777 1286 1880 1309 unum
1897 1277 2041 1319 papien-

213 1346 286 1374 sem
309 1348 372 1382 pro
394 1338 546 1382 qualibet
569 1338 686 1372 tabula
709 1338 887 1372 sediminis
911 1338 1054 1381 predicti
1057 1364 1109 1372 .....
1142 1338 1364 1371 Interfuerunt
1399 1337 1521 1371 Petrus
1557 1337 1793 1378 Sclaffenatus,
1829 1338 2043 1381 Augustinus

212 1398 438 1437 Sclatfenatus
462 1403 495 1434 et
518 1400 713 1434 Bertolinus
737 1399 848 1434 Gatus
872 1401 951 1434 inde
975 1402 1092 1434 testes.

301 1464 375 1507 Ego
398 1463 566 1497 Iohannes
589 1462 788 1497 Panizarius
811 1463 989 1506 papiensis
1013 1463 1174 1506 publicus
1198 1462 1363 1505 imperiali
1387 1463 1587 1496 auctoritate
1612 1464 1764 1496 notarius
1793 1463 1880 1497 hanc
1917 1465 2043 1497 cartam

214 1527 385 1561 inventam
409 1535 449 1559 ac
473 1527 660 1559 extractam
684 1525 727 1559 de
751 1526 931 1559 breviariis
955 1526 1128 1568 quondam
1152 1525 1334 1568 Augustini
1371 1525 1537 1559 Panizarii
1562 1525 1683 1559 notarii
1719 1525 1800 1559 olim
1836 1526 1943 1568 patris
1978 1526 2043 1559 mei

216 1589 316 1623 michi
341 1588 500 1622 comissis
524 1587 726 1630 subscripsi.

305 1650 377 1694 Ego
401 1649 632 1684 Lantelminus
655 1649 839 1684 Muriculla
862 1650 1015 1684 notarius
1039 1650 1217 1693 papiensis
1241 1650 1328 1683 hanc
1354 1652 1480 1683 cartam
1506 1650 1603 1684 iussu
1632 1650 1856 1693 suprascripti
1886 1650 2047 1684 Iohannis

216 1713 261 1747 de
283 1712 469 1747 Panizariis
492 1712 612 1746 notarii
637 1712 771 1755 scripsi.

311 2073 418 2104 Frate
441 2074 616 2112 Agostino
641 2074 687 2105 da
712 2075 860 2105 padova
897 2075 1123 2106 Provinciale
1148 2076 1184 2106 di
1209 2076 1428 2106 Lombardia
1464 2084 1630 2114 competa
1641 2076 1714 2106 'dai
1739 2077 1909 2107 Canonici
1945 2078 2052 2107 Late-

223 2127 349 2160 ranesi
363 2127 421 2165 pel
445 2127 627 2158 eonvento
651 2128 698 2158 di
709 2129 750 2161 S.
776 2128 952 2166 Agostino
968 2138 1015 2158 un
1032 2129 1168 2159 sedime
1192 2138 1320 2168 presso
1338 2130 1374 2159 S.
1393 2130 1514 2159 Pietro
1532 2130 1567 2159 in
1584 2129 1660 2160 ciel
1685 2130 1719 2160 d’
1731 2139 1807 2166 oro,
1834 2131 2051 2160 assumendo

226 2179 249 2210 1’
261 2180 404 2219 obbligo
428 2181 465 2211 di
488 2190 535 2210 un
559 2190 674 2211 annuo
699 2181 822 2212 livello
837 2179 900 2224 (1).

862 2295 1019 2329 133⁷,
1046 2296 1322 2330 genunio,
1350 2298 1404 2323 4.

792 2383 910 2410 (Archivio
925 2384 948 2406 di
963 2384 1039 2412 Staio.
1054 2385 1144 2407 Milano
1158 2396 1184 2400 —
1199 2385 1305 2413 Pergam.
1321 2385 1345 2408 S.
1360 2385 1492 2413 Agostino).

466 2585 552 2616 NNO
576 2589 596 2613 a
620 2580 804 2614 Nativitate
829 2580 965 2614 Domini
994 2582 1175 2616 millesimo
1210 2584 1440 2616 tricentesimo
1476 2584 1650 2626 trigesimo
1687 2584 1843 2625 septimo,
1881 2583 2053 2617 Indicione

299 2566 417 2684 Α
495 2643 623 2684 quinta,
648 2643 703 2676 dle
728 2643 860 2684 Martis,
885 2646 1006 2686 quarto
1030 2645 1159 2678 mensis
1185 2645 1339 2685 Ianuarii,
1364 2646 1447 2678 hora
1472 2646 1627 2685 hoctave,
1653 2646 1685 2678 in
1711 2645 1828 2687 Papia,
1844 2646 2003 2679 videlicet
2020 2646 2053 2679 in

496 2705 599 2738 domo
635 2705 862 2738 habitacionis
897 2705 1048 2739 Fratrum
1089 2705 1228 2740 Ordinis
1266 2708 1510 2741 Heremitarum
1543 2707 1657 2741 Sancti
1690 2708 1871 2751 Augustini
1905 2718 2055 2742 commo-

231 2766 380 2800 rancium
403 2767 506 2800 iuxta(
522 2766 710 2800 Ecclesiam
735 2767 935 2801 Monasterii
972 2766 1086 2801 Sancti
1112 2768 1200 2802 Petri
1226 2771 1259 2802 in
1276 2770 1359 2803 -celo
1383 2780 1487 2803 aureo
1527 2770 1643 2812 Papie.
1680 2770 1892 2804 Venerabilis
1918 2772 1969 2804 vir
1993 2772 2055 2804 do-

231 2827 343 2861 minus
366 2827 480 2861 Frater
503 2827 684 2871 Philippus
709 2827 828 2862 Abbas
852 2829 1052 2862 Monasterii
1077 2829 1192 2864 Sancti
1217 2830 1306 2864 Petri
1332 2833 1365 2864 in
1391 2832 1465 2865 celo
1489 2841 1592 2865 aureo
1618 2833 1805 2874 papiensis,
1823 2833 2053 2874 presentibus,

233 2889 425 2923 volentibus
449 2892 481 2923 et
504 2890 535 2923 ei
560 2891 860 2924 consencientibus
884 2891 917 2923 in
942 2892 1101 2925 omnibus
1118 2894 1151 2925 et
1167 2893 1313 2935 singulis
1337 2893 1561 2936 infrascriptis
1578 2893 1678 2927 fratre
1703 2893 1805 2935 Gilio,
1822 2894 1922 2928 fratre
1940 2893 2053 2935 Carlo‚

287 3037 320 3064 (1)
331 3037 474 3061 Dovremmo
497 3038 536 3066 qul
560 3038 661 3066 rlpetere
675 3039 765 3066 quanto
785 3039 896 3062 abbiamo
911 3039 978 3062 detto
992 3040 1052 3062 nelle
1066 3040 1112 3062 due
1167 3041 1245 3068 quella
1259 3041 1290 3063 da
1304 3042 1398 3069 pagara}
1413 3042 1578 3065 annualrnente
1593 3042 1630 3070 pel
1645 3048 1734 3065 canone
1749 3043 1771 3065 dl
1787 3042 1840 3065 den.
1855 3043 1937 3070 paves!
1951 3044 1978 3066 54
2001 3048 2051 3065 cor-

223 3082 291 3105 tnote
302 3081 326 3104 al
339 3081 432 3105 docum.
447 3082 526 3105 ΧΧΙΧ.
542 3083 639 3105 Faremo
653 3088 777 3105 osservare
791 3083 895 3106 soltanto
916 3084 959 3106 che
980 3084 1002 3106 la
1023 3089 1114 3106 somma
1169 3085 1280 3112 risponde
1293 3090 1307 3107 a
1322 3085 1383 3108 circa
1399 3086 1422 3108 Ι..
1436 3086 1493 3114 6,50.
1510 3086 1545 3108 Da
1560 3087 1648 3109 misura
1663 3086 1700 3109 del
1717 3086 1806 3109 sedime
1827 3087 1866 3114 pol
1881 3087 1904 3109 ln
1925 3087 2003 3109 tavole
2024 3087 2051 3110 54

225 3124 277 3166 'qul
289 3125 399 3149 chorona
413 3126 436 3149 dl
449 3126 491 3149 275
505 3126 547 3149 lire
570 3126 651 3154 paveni
675 3127 828 3165 corrisponde
842 3133 855 3149 a
870 3127 931 3150 circa
955 3128 978 3150 L.
1004 3128 1077 3156 13200,
1101 3134 1114 3150 e
1169 3129 1182 3151 ὲ
1196 3129 1246 3156 pari
1260 3135 1274 3151 a
1289 3129 1350 3152 circa
1364 3130 1431 3153 metri
1446 3130 1518 3158 quad.
1535 3131 1594 3154 1⁷00.
