2496 3600
1938 242 1999 280 173

169 418 171 421 ζ
273 371 351 405 Item
376 371 543 404 cedullam
568 381 668 405 unam
694 374 920 407 continentem
945 384 1118 416 expensas
1143 376 1252 409 factas
1277 376 1309 408 in
1334 385 1422 416 cera,
1448 377 1480 408 in
1505 376 1606 418 paliis
1630 378 1742 410 aureis
1767 387 1829 418 pro
1858 388 1999 420 corpore

185 433 320 467 domine
344 432 489 466 Antonie
513 435 590 466 nate
615 435 770 476 prelibati
796 435 943 476 Domini,
970 437 1199 479 subscriptam
1225 447 1285 480 per
1308 439 1578 480 suprascriptum
1605 438 1900 472 Franceschinum.

271 495 351 528 Item
375 496 575 537 rescriptum
601 505 703 529 unum
729 498 884 538 prelibati
910 499 1038 531 domini
1057 498 1200 533 Comitis
1217 501 1406 540 continens,
1431 501 1517 534 sicut
1541 501 1700 540 declarat,
1718 510 1779 534 sue
1798 502 2001 535 intencionis

185 557 291 591 fuisse
315 558 348 590 et
371 566 448 590 esse
473 558 565 600 quod
591 558 637 590 illi
661 559 778 592 floreni
804 561 983 593 duodecim
1009 562 1067 603 qui
1092 562 1195 595 oblati
1220 563 1355 595 fuerunt
1379 572 1439 605 per
1463 563 1636 596 dominum
1662 562 1788 596 Galeaz
1812 566 1844 596 et
1868 573 1928 605 per
1952 565 2003 606 ip-

185 625 260 653 sum
283 619 457 652 dominum
482 617 650 653 Comitem
675 621 764 654 dicte
789 621 950 662 Ecclesie,
977 632 1052 655 cum
1078 624 1237 657 omnibus
1273 625 1379 657 cereis
1404 624 1626 664 oblationum,
1657 625 1886 668 intelligantur
1913 626 2001 658 dicte

185 681 333 715 Ecclesie
349 682 555 723 simpliciter,
569 684 632 715 etc.
647 685 747 724 prout
765 685 797 716 in
815 693 855 717 eo
873 685 1008 726 plenius
1033 687 1230 726 continetur,
1248 687 1432 729 sigillatum
1451 696 1532 720 vero
1550 688 1663 730 sigillo
1681 688 1834 732 prelibati
1854 687 2001 720 Domini.

135 839 144 843 μ
273 796 408 839 Quique
434 798 582 831 vidimus
607 801 639 831 et
664 800 936 833 examinavimus
961 801 1138 843 diligenter
1163 802 1375 844 infrascripta
1412 804 1484 836 iura
1519 806 1551 836 et
1587 804 1810 837 instrumenta
1835 804 2001 845 producta

184 869 295 894 coram
320 860 420 893 nobis
444 862 476 893 et
501 862 734 902 suprascripto
758 862 896 895 domino
922 863 1065 896 Henrico
1090 865 1314 907 subdelegato
1332 867 1367 897 ut
1384 874 1498 906 supra,
1516 866 1549 898 in
1568 866 1694 899 iudicio
1711 875 1770 907 per
1787 867 2002 908 suprascrip-

183 924 252 956 tum
278 922 457 956 Iohannem
482 923 524 956 de
549 922 687 956 Oliariis
722 925 891 957 sindicum
928 927 960 958 et
995 929 1246 967 procuratorem
1283 929 1591 970 suprascriptorum
1627 929 1760 970 prioris,
1796 929 1933 961 fratrum
1967 931 1999 961 et

183 983 381 1019 Conventus
406 985 649 1018 Heremitarum
675 987 783 1019 sancti
798 986 990 1029 Augustini,
1016 989 1106 1021 dicto
1132 990 1314 1022 sindicario
1339 991 1371 1022 et
1395 991 1628 1031 procuratorio
1653 991 1798 1030 nomine,
1824 992 1856 1023 in
1882 1000 2002 1032 supra-

158 1052 160 1054 ’
184 1048 320 1089 scriptis
344 1048 458 1080 causis
482 1049 752 1081 convencionum
778 1051 810 1082 et
835 1051 1154 1090 reconvencionum,
1179 1060 1245 1093 que
1270 1054 1349 1085 sunt
1373 1053 1448 1092 ista,
1474 1053 1632 1086 videlicet
1657 1053 1882 1096 privillegium
1918 1063 2002 1095 apo-

183 1110 340 1143 stolicum
365 1111 420 1152 pie
443 1111 602 1143 memorie
626 1112 833 1144 sanctissimi
858 1113 985 1145 domini
1012 1113 1170 1146 Iohannis
1195 1123 1284 1155 pape
1309 1115 1464 1156 vigesimi
1490 1115 1642 1154 secundi,
1667 1116 1870 1157 productum
1896 1118 2002 1149 eciam

183 1181 244 1214 per
266 1173 536 1214 suprascriptum
562 1173 737 1206 dominum
761 1174 931 1214 abbatem,
957 1175 999 1207 de
1023 1182 1092 1216 quo
1116 1184 1221 1217 supra
1245 1176 1281 1208 fit
1306 1177 1448 1209 mencio,

111 1274 135 1280 ,Ἰ
272 1234 351 1267 Item
377 1234 634 1267 instrumentum
672 1245 775 1268 unum
812 1236 1106 1278 subdelegationis
1131 1239 1162 1270 et
1187 1238 1404 1271 comissionis
1429 1238 1516 1271 facte
1541 1248 1602 1280 per
1625 1240 1944 1272 reverendissimum
1971 1240 2003 1272 in

183 1294 303 1331 Chisto
328 1299 456 1338 patrem
482 1299 514 1330 et
538 1298 714 1330 dominum
751 1298 969 1331 Beltrandum
1007 1300 1230 1332 miseracione
1266 1301 1383 1333 divina
1418 1301 1503 1333 tituli
1529 1303 1647 1334 sancte
1672 1302 1781 1334 Marie
1805 1302 1837 1334 in
1862 1302 2004 1343 aquario

183 1358 397 1393 Diachonum
422 1360 626 1393 cardinalem
651 1360 961 1394 Archidiachonum
987 1360 1143 1395 Scalonie
1169 1363 1201 1394 in
1227 1371 1408 1404 personam
1434 1363 1605 1396 Abbatum
1631 1365 1738 1396 sancti
1765 1363 2003 1403 Bartholomei,

182 1422 290 1455 sancti
315 1421 522 1463 Apollinaris
547 1423 580 1455 et
604 1423 711 1455 sancti
737 1422 825 1455 Petri
852 1423 884 1455 in
910 1423 1064 1456 Verzollo
1100 1425 1294 1457 monasterii
1321 1424 1436 1466 Papie,
1466 1434 1594 1458 necnon
1621 1426 1653 1458 in
1679 1435 1860 1467 personam
1886 1425 2006 1458 Archi—

183 1483 340 1516 diachoni
366 1486 399 1517 et
423 1485 696 1526 archipresbiteri
723 1485 877 1518 Ecclesie
903 1486 1051 1526 maioris,
1076 1487 1259 1519 tradditum
1285 1496 1344 1528 per
1369 1487 1496 1520 Iustum
1520 1488 1625 1520 tilium
1641 1487 1772 1520 Puctini
1798 1489 1840 1520 de
1859 1487 2005 1521 Pistorio

184 1547 350 1579 notarium
375 1555 465 1579 anno
489 1555 590 1580 curso
615 1547 795 1580 millesimo
830 1549 1067 1581 trecentesimo
1103 1549 1270 1591 vigesimo
1306 1550 1462 1591 septimo,
1496 1549 1667 1583 indicione
1699 1551 1842 1590 decima,
1867 1551 1922 1583 die
1947 1551 2006 1583 de-

182 1608 270 1642 cimo
294 1618 384 1641 nono
409 1610 536 1642 mensis
562 1609 656 1650 Iunii,
670 1610 750 1643 dicti
769 1609 810 1643 D.
829 1599 1023 1644 Cardinalis
1040 1611 1209 1652 pendente
1226 1612 1326 1654 sigilo
1344 1613 1507 1645 munitum
1526 1613 1558 1645 in
1577 1613 1729 1646 cordulla
1746 1614 1855 1646 serica
1871 1611 1932 1654 (l).

109 1661 120 1672 ¹
273 1670 352 1704 Item
388 1673 647 1705 instrumentum
685 1682 787 1706 unum
825 1674 1003 1706 cuiusdam
1040 1674 1224 1707 oblationis
1261 1675 1362 1707 unius
1398 1675 1500 1708 libelli
1526 1684 1587 1708 seu
1613 1676 1793 1717 peticionis
1817 1676 1921 1708 oblati
1947 1685 2006 1717 per

122 1777 126 1780 Δ
184 1734 265 1767 tunc
290 1735 435 1775 priorem
460 1737 493 1768 et
517 1735 638 1768 fratres
674 1736 755 1769 dicti
792 1735 933 1769 Ordinis
969 1736 1214 1769 Heremitarum
1252 1747 1365 1770 coram
1402 1738 1541 1770 domino
1577 1738 1734 1770 Montino
1758 1738 1801 1771 de
1826 1738 2006 1780 Butigellis

112 1792 129 1825 .ss
184 1797 264 1829 tunc
300 1795 574 1830 Archidiachono
610 1798 764 1831 Ecclesie
800 1797 906 1840 Papie
943 1801 1059 1832 contra
1095 1801 1174 1832 tunc
1212 1800 1371 1832 abbatem
1397 1802 1430 1832 et
1454 1801 1650 1840 canonicos,
1677 1802 1830 1842 rogatum
1856 1810 1916 1842 per
1941 1800 2007 1835 Ro-

123 1899 124 1902 *
184 1857 324 1900 glerium
349 1859 392 1892 de
416 1858 624 1902 Strazapatis
649 1861 815 1893 notarium
840 1860 946 1903 Papie
970 1871 1059 1894 anno
1096 1870 1196 1894 curso
1232 1862 1412 1895 millesimo
1448 1863 1685 1907 trecentesimo
1721 1863 2007 1905 quinquagesimo

152 1966 155 1970 .
184 1921 341 1963 septimo,
365 1923 536 1956 indicione
561 1923 705 1963 decima,
730 1923 784 1956 die
810 1923 963 1963 Veneris,
988 1926 1112 1957 octavo
1137 1925 1265 1957 mensis
1290 1924 1482 1958 decembris
1499 1922 1560 1966 (2).

273 1983 353 2017 Item
379 1985 638 2021 instrumentum
674 1995 777 2018 unum
813 1986 1002 2019 ellectionis
1027 1987 1140 2019 nuncii
1165 1989 1197 2019 et
1222 1988 1492 2028 presentacionis
1517 1987 1699 2020 litterarum
1732 1988 1852 2029 prefati
1877 1989 2005 2020 domini

113 2084 119 2093 s,
185 2045 458 2087 Archidiachoni‚
494 2048 677 2083 tradditum
703 2050 735 2081 et
760 2050 914 2091 rogatum
951 2049 1132 2082 millesimo
1164 2050 1402 2082 trecentesimo
1426 2050 1713 2091 quinquagesimo
1738 2051 1894 2091 septimo,
1920 2051 2007 2082 indi—

183 2108 280 2142 cione
305 2109 447 2149 decima,
483 2110 537 2143 die
574 2111 719 2151 veneris,
755 2113 876 2144 octavo
901 2112 1028 2144 mensis
1053 2112 1252 2151 decembris,
1278 2121 1337 2153 per
1361 2112 1629 2154 suprascriptum
1655 2111 1847 2154 Roglerium
1873 2111 2006 2146 Straza-

110 2160 137 2177 ⁵⁴
184 2172 308 2213 patam,
332 2171 419 2205 facte
444 2172 584 2205 domino
607 2173 699 2206 fratri
725 2173 849 2206 Iacobo
873 2173 997 2206 Abbati
1023 2174 1102 2206 dicti
1129 2175 1334 2207 monasterii.

271 2234 351 2268 Item
377 2235 635 2268 instrumentum
673 2245 776 2268 unum
813 2237 990 2269 cuiusdam
1027 2237 1326 2278 pronunciacionis
1351 2238 1383 2269 et
1407 2237 1653 2270 declaracionis
1688 2237 1776 2270 facte
1801 2247 1861 2279 per
1885 2247 2006 2279 supra-

183 2297 346 2339 scriptum
383 2298 557 2330 dominum
594 2297 904 2331 Archidiachonum
930 2298 1035 2340 Papie
1060 2299 1343 2332 subexecutorem
1370 2301 1405 2332 ut
1429 2308 1543 2341 supra,
1569 2299 1727 2332 videlicet
1751 2300 2005 2341 suprascriptos

183 2359 341 2393 dominos
377 2361 535 2394 abbatem
571 2363 604 2394 et
639 2362 822 2394 canonicos
847 2370 890 2394 ex
927 2363 1021 2403 parte
1046 2370 1111 2394 una
1137 2363 1169 2394 et
1193 2362 1304 2394 dictos
1339 2363 1418 2394 tunc
1454 2363 1598 2403 priorem
1623 2363 1655 2394 et
1678 2362 1797 2395 fratres
1822 2371 1864 2395 ex
1890 2362 2004 2402 altera,

182 2422 365 2455 tradditum
391 2424 423 2455 et
446 2423 517 2455 fieri
543 2424 696 2464 rogatum
729 2432 818 2455 anno
843 2424 876 2456 et
900 2423 954 2455 die
987 2423 1149 2464 predictis
1167 2432 1226 2465 per
1242 2424 1511 2465 suprascriptum
1530 2423 1722 2466 Roglerium
1740 2424 1782 2457 de
1797 2423 2004 2465 Strazapatis

184 2485 361 2518 notarium.

272 2547 351 2580 Item
377 2548 636 2581 instrumentum
662 2557 765 2580 unum
790 2548 1005 2581 vendicionis
1022 2548 1108 2581 facte
1133 2557 1194 2590 per
1218 2549 1488 2590 suprascriptum
1506 2549 1640 2581 fratrem
1660 2548 1817 2581 Iacobum
1836 2548 2002 2581 Abbatem

95 2649 113 2655 ⁷.
182 2611 215 2642 et
238 2608 433 2643 Canonicos
469 2610 549 2643 dicti
587 2611 780 2643 monasterii
817 2611 952 2643 nomine
987 2611 1067 2644 dicti
1101 2611 1306 2650 monasterii,
1332 2611 1433 2652 priori
1459 2612 1491 2644 et
1514 2611 1674 2644 fratribus
1700 2611 1935 2644 heremitarum
1960 2611 2002 2644 de

111 2670 114 2671 ⁷
135 2667 138 2674 ²
183 2671 331 2706 brachiis
356 2675 433 2706 octo
451 2674 482 2706 et
499 2674 619 2715 quarta
644 2682 710 2706 una
734 2682 777 2706 ex
803 2672 870 2706 illis
894 2673 1054 2706 domibus
1079 2674 1152 2706 sive
1171 2673 1301 2706 caxelis
1324 2673 1430 2706 fondo
1455 2675 1487 2706 et
1511 2673 1598 2706 sollo
1623 2682 1727 2714 super
1762 2673 1888 2714 quibus
1913 2674 2002 2706 dicte

183 2735 306 2768 domus
340 2735 478 2768 fondate
502 2737 591 2775 sunt,
615 2735 730 2777 precio
755 2735 914 2768 librarum
938 2737 1159 2768 trecentarum
1185 2737 1399 2777 papiensum,
1423 2736 1606 2768 tradditum
1624 2745 1685 2777 per
1701 2735 1894 2778 Roglerium
1912 2734 2003 2769 Stra-

183 2799 336 2840 zapatam
361 2798 527 2831 notarium
545 2797 661 2840 Papie‚
679 2807 768 2831 anno
793 2807 894 2831 curso
918 2798 1097 2831 millesimo
1121 2798 1356 2831 trecentesimo
1381 2798 1666 2840 quinquagesimo
1683 2798 1840 2839 septimo,
1865 2798 1919 2831 die
1945 2807 2002 2831 oc-

36 2859 58 2875 ’“
98 2859 131 2904 k,
183 2861 263 2893 tavo
287 2861 414 2894 mensis
439 2861 640 2894 decembris.

100 2907 122 2923 ἠ
269 2921 349 2955 Item
374 2923 633 2956 instrumentum
659 2931 762 2955 unum
787 2922 978 2955 oblacionis
1003 2922 1182 2955 cuiusdam
1218 2922 1409 2956 oblacionis
1445 2923 1519 2956 sive
1555 2922 1658 2956 libelli
1684 2922 1788 2955 oblati
1825 2931 1884 2964 per
1919 2925 1998 2956 tunc

29 2970 38 3194 ι
102 3085 114 3126 lg
239 3096 270 3124 (l)
284 3097 343 3120 Vedl
358 3098 410 3120 doc.
426 3104 448 3120 n.
464 3098 522 3120 xiv.
1164 3097 1194 3124 (z)
1208 3097 1266 3120 veui
1281 3097 1333 3120 doc.
1349 3104 1371 3120 n.
1387 3098 1454 3120 xcv.
