2496 3600
507 250 570 283 170

503 383 642 417 fratrum
666 386 729 418 etc.
754 384 824 418 fieri
850 387 1004 427 rogatum
1041 384 1234 428 Augustino
1259 383 1436 418 Panizario
1461 385 1593 418 notario
1618 385 1774 428 papiensi
1799 394 1890 420 anno
1913 395 2016 420 curso
2047 386 2229 421 millesimo
2263 389 2331 422 tre-

503 446 688 479 centesimo
723 447 897 489 trigesimo
933 447 1053 489 primo,
1077 447 1133 480 die
1157 447 1277 488 quinto
1302 448 1431 479 mensis
1456 446 1551 487 lunii,
1578 447 1748 481 indicione
1772 449 1893 490 quarta
1915 448 2049 482 decima
2072 450 2105 483 et
2131 457 2193 492 per
2215 449 2329 492 ipsum

503 507 731 551 Augustinum
757 510 988 551 subscriptum
1006 506 1068 550 (1).

594 571 672 604 Item
698 572 955 605 instrumentum
993 580 1095 604 unum
1133 571 1348 604 vendicionis
1383 571 1471 605 tacte
1496 581 1556 614 per
1580 573 1852 614 suprascriptum
1887 573 2062 607 dominum
2088 573 2223 608 tratrem
2248 572 2331 607 Phi-

504 633 609 676 lipum
635 634 713 666 dicti
740 634 933 667 monasterii
959 634 1067 666 sancti
1094 632 1182 666 Petri
1208 633 1377 673 abbatem,
1402 634 1588 668 canonicos
1612 636 1646 668 et
1669 637 1874 668 conventum
1899 636 1979 669 dicti
2005 636 2200 670 monasterii
2236 636 2328 670 fratri

504 696 696 739 Augustino
721 698 763 730 de
788 695 906 729 Padua
942 696 1022 729 dicti
1060 694 1201 729 Ordinis
1237 695 1483 729 Heremitarum
1520 698 1642 730 ementi
1667 698 1700 731 et
1723 698 1896 740 recipienti
1933 698 2069 732 nomine
2094 699 2128 732 et
2151 699 2225 732 vice
2249 698 2330 732 dicti
2388 713 2423 747 >ii

504 761 696 792 conventus
722 759 957 792 heremitarum
983 757 1089 800 Papie
1114 758 1157 791 de
1181 758 1307 791 tabulis
1331 759 1580 802 quinquaginta
1604 761 1637 793 et
1661 761 1808 802 quatuor
1830 760 2008 794 sediminis
2043 761 2146 804 positi
2172 761 2205 794 in
2230 762 2328 804 porta

503 822 671 854 Laudensi
697 822 853 863 papiensi
880 821 912 853 in
938 821 1101 862 parochia
1137 821 1244 854 sancti
1271 820 1348 860 Viti,
1374 830 1436 864 pro
1461 822 1576 864 precio
1613 822 1773 856 librarum
1810 822 2032 856 ducentarum
2057 824 2090 856 et
2114 823 2332 866 septuaginta
2381 803 2407 851 ³ss

504 885 656 925 qumque
681 884 895 916 denariorum
922 884 1136 925 papiensium
1173 892 1260 925 quas
1296 884 1375 916 dicti
1413 884 1522 917 abbas
1547 886 1579 917 et
1603 885 1758 918 canonici
1784 885 1919 918 fuerunt
1949 885 2099 919 confessi
2125 886 2288 920 habuisse
2311 894 2332 920 a

504 947 596 980 dicto
620 947 720 979 fratre
746 946 938 988 Augustino
963 955 1025 988 pro
1050 947 1164 988 precio
1189 946 1269 979 dicti
1295 947 1484 986 sediminis,
1500 947 1570 980 fieri
1597 949 1750 990 rogatum
1768 948 2003 990 suprascripto
2021 947 2213 992 Augustino
2230 947 2334 982 Pani·

505 1010 595 1042 zario
620 1010 751 1042 notario
787 1018 877 1042 anno
913 1018 1014 1042 curso
1051 1008 1232 1042 millesimo
1268 1010 1507 1042 trecentesimo
1542 1010 1717 1052 trigesimo
1745 1011 1902 1053 septimo,
1928 1011 2099 1044 indicione
2123 1011 2253 1053 quinta,
2277 1010 2334 1045 die

504 1072 623 1113 quinto
648 1072 775 1104 mensis
801 1071 944 1104 Ianuarii
971 1073 1002 1104 et
1027 1071 1259 1113 subscriptum
1285 1081 1346 1113 per
1371 1071 1554 1105 Iohannem
1580 1071 1793 1106 Panizarium
1830 1073 1997 1106 notarium
2021 1073 2126 1106 filium
2159 1073 2333 1116 quondam

504 1133 685 1176 Augustini
712 1134 853 1176 predicti
871 1143 914 1167 ex
932 1134 1139 1167 comissione
1164 1134 1229 1167 sibi
1256 1142 1360 1176 super
1385 1135 1448 1167 hoc
1474 1134 1631 1175 atributa,
1656 1144 1758 1177 quam
1783 1136 1997 1178 empcionem
2022 1136 2112 1169 idem
2136 1135 2240 1170 irater
2262 1134 2334 1169 Au-

505 1197 663 1239 gustinus
700 1196 779 1230 fecit
815 1206 891 1229 cum
929 1206 1030 1229 onere
1068 1197 1172 1229 dandi
1197 1198 1229 1230 et
1254 1197 1410 1230 solvendi
1437 1197 1538 1230 dictis
1563 1197 1678 1231 abbati
1704 1199 1737 1231 et
1761 1198 1944 1231 conventui
1981 1198 2141 1232 denarios
2165 1198 2336 1241 quinqua-

505 1260 598 1302 ginta
624 1261 771 1301 quatuor
796 1260 981 1301 papienses
1006 1260 1179 1292 annuatim
1205 1260 1454 1301 imperpetuum
1481 1260 1552 1293 iure
1577 1262 1608 1293 et
1633 1261 1768 1294 nomine
1792 1261 1859 1294 ficti
1876 1258 1939 1302 (2).

595 1321 674 1355 Item
700 1322 958 1355 instrumentum
996 1331 1098 1355 unum
1135 1322 1348 1355 vendicionis
1374 1322 1461 1355 facte
1486 1331 1546 1364 per
1570 1321 1734 1356 Sillanum
1772 1322 1969 1356 Furnarium
1994 1324 2028 1356 et
2052 1322 2236 1356 Antonium
2260 1323 2336 1358 eius
2375 1310 2378 1311 ⁷
2400 1304 2417 1331 Ὺ

504 1384 610 1417 filium
636 1384 768 1426 prefato
793 1384 931 1417 domino
956 1384 1047 1417 fratri
1073 1383 1210 1426 Philipo
1234 1385 1325 1417 abati
1351 1385 1574 1426 suprascripti
1601 1386 1795 1418 monasterii
1821 1386 1929 1419 sancti
1955 1384 2045 1419 Petri
2071 1386 2103 1418 in
2129 1385 2216 1419 cello
2231 1393 2335 1419 aureo

505 1446 612 1489 Papie
638 1447 760 1480 ementi
787 1447 922 1479 nomine
947 1447 1028 1479 dicti
1054 1447 1261 1486 monasterii,
1286 1447 1328 1479 de
1353 1447 1515 1488 predictis
1540 1447 1666 1480 tabulis
1706 1448 1953 1490 quinquaginta
1977 1449 2124 1490 quatuor
2157 1447 2336 1482 sediminis

505 1510 665 1551 superius
691 1509 863 1551 descripti,
888 1509 959 1542 fieri
986 1510 1140 1551 rogatum
1165 1510 1401 1551 suprascripto
1426 1509 1619 1551 Augustino
1644 1510 1687 1543 de
1712 1509 1899 1543 Panizariis
1924 1510 2055 1543 notario
2072 1510 2228 1553 papiensi
2245 1518 2336 1544 anno

505 1581 608 1605 curso
633 1572 813 1604 millesimo
838 1572 1073 1605 trecentesimo
1098 1572 1272 1614 trigesimo
1297 1573 1407 1612 sexto,
1444 1572 1499 1605 die
1535 1573 1635 1605 sexto
1671 1572 1800 1605 mensis
1831 1572 2023 1606 decembris
2047 1574 2080 1606 et
2103 1572 2336 1615 subscriptum
2383 1564 2423 1607 ’,-

506 1644 567 1677 per
591 1634 772 1667 Iohannem
799 1635 841 1667 de
866 1634 1053 1667 Panizariis
1079 1635 1256 1674 notarium,
1282 1634 1363 1667 dicti
1389 1633 1571 1676 Augustini
1596 1634 1714 1675 filium,
1739 1643 1782 1668 ex
1802 1635 2015 1684 comissione
2047 1635 2113 1669 sibi
2138 1643 2244 1677 super
2270 1635 2336 1669 hoc

506 1697 596 1730 facta
622 1699 657 1730 ut
682 1697 858 1739 prefertur.

597 1759 676 1792 Item
703 1760 961 1793 instrumentum
987 1760 1186 1792 investiture
1212 1760 1244 1792 in
1270 1760 1509 1801 emphiteusim
1546 1762 1744 1802 perpetuam
1769 1761 1812 1793 ad
1837 1760 1952 1793 fictum
1977 1769 2039 1802 per
2061 1760 2236 1793 dominum
2270 1759 2339 1793 fra-

505 1824 587 1855 trem
613 1821 784 1864 Philipum
810 1823 888 1855 dicti
915 1823 1110 1855 monasterii
1136 1823 1244 1855 sancti
1270 1821 1360 1855 Petri
1386 1823 1418 1855 in
1444 1822 1530 1855 cello
1555 1832 1659 1856 aureo
1683 1823 1854 1862 abbatem,
1879 1823 2064 1855 canonicos
2081 1824 2114 1855 et
2131 1823 2337 1856 conventum

505 1885 659 1918 eiusdem
685 1886 880 1917 monasterii
906 1885 994 1918 facte
1019 1886 1051 1917 in
1077 1885 1211 1918 fratrem
1249 1884 1480 1928 Augustinum
1505 1885 1548 1918 de
1574 1884 1694 1918 Padua
1718 1887 1751 1918 et
1774 1885 1910 1918 fratrem
1948 1884 2085 1918 Petrum
2110 1885 2153 1918 de
2177 1883 2347 1920 Bononia,

506 1948 587 1980 dicti
614 1947 754 1980 Ordinis
781 1947 1039 1987 Heremitarum‚
1065 1948 1220 1981 sindicos
1245 1948 1326 1981 dicti
1352 1949 1542 1981 conventus
1567 1948 1804 1981 heremitarum
1830 1947 1947 1990 Papie,
1973 1948 2176 1990 recipientes
2199 1947 2336 1981 nomine

507 2011 587 2043 dicti
613 2013 802 2044 conventus
827 2011 869 2043 de
895 2011 1033 2044 tabullis
1070 2011 1188 2053 viginti
1226 2013 1357 2053 septem
1383 2013 1415 2044 et
1439 2011 1580 2044 dimidia
1615 2011 1793 2044 sediminis
1817 2011 1920 2053 positi
1946 2011 1979 2044 in
2004 2011 2141 2044 civitate
2165 2009 2272 2053 Papie
2302 2011 2337 2044 in

507 2075 605 2115 porta
630 2073 801 2106 Laudensi
827 2074 859 2105 in
886 2073 1048 2115 parochia
1085 2074 1193 2106 sancti
1232 2073 1297 2106 Viti
1324 2083 1386 2115 pro
1409 2074 1490 2107 ficto
1525 2074 1700 2106 soldorum
1737 2075 1884 2115 quatuor
1907 2059 1940 2107 et
1963 2073 2179 2107 denariorum
2204 2074 2337 2115 septem

508 2137 722 2178 papiensium
749 2137 894 2178 singulis
931 2137 1030 2169 annis
1067 2137 1314 2178 imperpetuum
1352 2137 1502 2170 redendo
1538 2137 1639 2170 dictis
1675 2137 1814 2169 domino
1849 2137 1976 2176 abbati,
2001 2136 2176 2170 canonicis
2200 2137 2234 2170 et
2257 2144 2340 2170 eon-

508 2200 634 2239 ventui,
659 2200 728 2232 fieri
755 2201 909 2242 rogatum
935 2199 1128 2241 Augustino
1153 2200 1195 2232 de
1221 2199 1407 2233 Panizariis
1433 2200 1564 2233 notario
1600 2198 1717 2242 Papie,
1742 2209 1832 2232 anno
1868 2208 1969 2232 curso
2005 2199 2185 2232 millesimo
2208 2200 2340 2232 trecen-

507 2262 630 2294 tesimo
655 2262 919 2304 quadragesimo
944 2263 1059 2302 tercio,
1085 2263 1139 2295 die
1165 2263 1284 2304 quinto
1309 2263 1443 2295 decimo
1468 2263 1596 2295 mensis
1621 2262 1739 2304 aprilis
1755 2259 1816 2303 (3).

599 2324 678 2357 Item
705 2325 965 2357 instrumentum
992 2334 1094 2357 unum
1122 2325 1335 2358 vendicionis
1353 2334 1413 2367 per
1429 2326 1700 2367 suprascriptum
1718 2325 1893 2358 dominum
1910 2324 2046 2358 fratrem
2068 2323 2239 2366 Philipum
2255 2323 2338 2357 dicti

509 2388 705 2420 monasterii
732 2388 840 2420 sancti
867 2387 956 2420 Petri
983 2388 1015 2419 in
1042 2387 1127 2420 cello
1167 2397 1270 2420 aureo
1307 2388 1477 2427 abbatem,
1514 2388 1700 2421 canonicos
1724 2389 1757 2421 et
1781 2389 1988 2421 conventum
2025 2387 2105 2420 dicti
2142 2386 2338 2420 monasterii

509 2450 598 2483 facte
624 2450 715 2483 fratri
754 2449 855 2483 Petro
880 2450 922 2483 de
948 2450 1102 2483 BononIa
1128 2450 1208 2483 dicti
1234 2451 1364 2483 ordinis
1389 2451 1625 2483 heremitarum
1651 2450 1826 2492 recipienti
1851 2451 1883 2484 et
1907 2450 2029 2483 ementi
2055 2450 2192 2482 nomine
2208 2450 2242 2482 et
2261 2449 2338 2482 vice

510 2515 702 2546 conventus
728 2513 963 2546 heremitarum
990 2512 1096 2554 Papie
1121 2513 1163 2545 de
1189 2513 1433 2554 suprascriptis
1472 2513 1610 2546 tabullis
1635 2513 1888 2555 vigintiseptem
1914 2514 1946 2546 et
1982 2512 2123 2546 dimidia
2161 2511 2340 2545 sediminis

510 2576 613 2618 positi
639 2576 672 2608 in
698 2575 805 2617 Papia
831 2576 863 2608 in
890 2578 987 2617 porta
1013 2575 1168 2608 laudensi
1195 2576 1227 2608 in
1253 2576 1417 2617 parochia
1436 2576 1544 2609 sancti
1563 2575 1641 2615 Viti,
1659 2585 1721 2618 pro
1738 2576 1854 2618 precio
1872 2575 2032 2609 librarum
2049 2575 2339 2617 quinquecentum

510 2639 737 2681 papiensium,
763 2647 851 2680 quas
876 2639 956 2671 dicti
982 2639 1092 2671 abbas
1117 2640 1149 2671 et
1174 2639 1328 2671 canonici
1354 2638 1489 2671 fuerunt
1513 2638 1663 2672 confessi
1697 2638 1860 2671 habuisse
1883 2648 1903 2672 a
1928 2639 2020 2671 dicto
2037 2638 2137 2671 tratre
2158 2636 2260 2670 Petro
2275 2645 2339 2679 pro

510 2701 687 2734 solucione
711 2701 791 2734 dicti
826 2701 1014 2740 sediminis,
1051 2701 1122 2734 fieri
1160 2703 1314 2743 rogatum
1355 2700 1548 2743 Augustino
1583 2701 1626 2734 de
1662 2700 1849 2734 Panizariis
1885 2701 2016 2734 notario
2051 2700 2208 2742 papiensi
2248 2708 2339 2733 anno

511 2772 613 2797 curso
638 2763 817 2797 millesimo
842 2764 1080 2796 trecentesimo
1106 2764 1372 2805 quadragesimo
1396 2764 1512 2803 tercio,
1538 2764 1593 2796 die
1618 2763 1874 2805 quintodecimo
1910 2763 2038 2796 mensis
2061 2762 2199 2804 Aprilis,
2235 2770 2338 2804 quam

511 2827 724 2868 empcionem
750 2826 863 2859 dictus
887 2826 989 2859 frater
1013 2826 1135 2859 Petrus
1159 2826 1240 2859 fecit
1264 2835 1341 2859 cum
1367 2835 1469 2859 onere
1505 2826 1661 2859 solvendi
1699 2826 1789 2858 omni
1825 2835 1916 2859 anno
1951 2826 2201 2868 imperpetuum
2237 2824 2340 2858 dictis
2385 2817 2420 2875 ⁴}

512 2888 638 2929 abbati,
664 2889 840 2922 canonicis
864 2891 897 2922 et
922 2889 1104 2922 conventui
1130 2889 1266 2922 nomine
1291 2888 1372 2922 dicti
1391 2889 1585 2922 monasterii
1619 2888 1738 2922 soldos
1774 2890 1920 2930 quatuor
1943 2889 1976 2921 et
2011 2888 2169 2921 denarios
2205 2888 2338 2930 septem
2391 2877 2415 2903 ³⁴

570 3064 601 3089 (l)
616 3063 672 3086 Vedi
688 3064 739 3086 doc.
756 3070 777 3086 n.
793 3065 841 3086 ΧΧ.
1506 3064 1538 3090 (3)
1552 3064 1609 3087 Vedi
1625 3064 1676 3086 doc.
1692 3070 1714 3086 n.
1730 3063 1839 3086 XXXVII.
1862 3063 1907 3086 Per
1921 3064 1998 3091 questi
2019 3064 2089 3085 annui
2107 3063 2179 3090 censi,
2200 3063 2236 3086 cui
2251 3063 2271 3085 sl
2286 3063 2337 3086 sot-

570 3107 601 3132 (2)
616 3107 672 3129 Vedi
688 3107 740 3129 doe.
756 3114 777 3129 n.
794 3108 872 3130 XXXI.
889 3109 920 3130 La
944 3109 999 3130 data
1013 3109 1027 3131 5
1041 3114 1108 3136 genn.
1124 3109 1263 3131 dev'essere
1277 3109 1291 3130 4
1305 3114 1372 3136 genn.
1437 3109 1550 3132 tomisero
1564 3109 1594 3136 gli
1610 3109 1743 3136 Eremitani,
1758 3108 1810 3130 vedl
1825 3109 1881 3131 nota
1895 3109 1935 3135 (1),
1950 3114 2003 3135 pag.
2018 3108 2052 3130 67.

2385 3051 2414 3076 ”33
