2496 3600
220 384 366 427 quatuor
387 384 421 416 et
443 382 603 416 denarios
626 383 758 424 septem
782 383 978 424 papienses.
1003 381 1078 421 Que
1103 383 1216 416 omnia
1241 385 1273 416 et
1298 383 1433 426 singula
1457 384 1538 417 dicti
1563 385 1802 418 contrahentes
1826 387 1859 418 et
1875 386 2041 419 dictorum

219 431 414 484 nominibus
438 446 670 478 convenerunt
693 445 727 477 et
750 445 997 486 promisserunt
1022 445 1174 478 vicissim
1200 447 1280 485 rata,
1305 447 1400 488 grata
1424 447 1456 478 et
1480 446 1576 478 firma
1601 446 1727 479 habere
1744 448 1776 479 et
1793 448 1906 480 tenere
1924 450 1957 480 et
1975 457 2042 480 non

167 504 169 506 ’
218 507 449 542 contrafacere
474 506 528 540 vei
553 507 668 540 venire
692 506 808 548 aliqua
832 507 967 540 racione
993 507 1046 540 vei
1072 516 1187 547 causa,
1213 508 1274 540 sed
1299 517 1340 540 ea
1364 508 1478 541 omnia
1502 510 1535 541 et
1559 508 1694 550 singula
1718 509 1891 542 attendere
1916 512 1948 542 et
1981 511 2043 542 ob-

134 607 135 610 *
160 555 166 571 ²
217 578 356 607 servare
379 569 446 603 sub
470 578 559 612 pena
583 569 807 603 restitutionis
831 570 980 602 omnium
1005 572 1038 603 et
1062 570 1272 612 singulorum
1298 570 1534 612 dampnorum,
1561 571 1725 603 interesse
1751 573 1783 603 et
1812 580 2041 613 expensarum

127 635 168 671 ξ
220 640 282 675 per
303 631 415 665 dictos
438 631 678 664 contrahentes
703 631 855 664 vicissim
880 634 913 664 et
937 632 1104 665 dictorum
1130 633 1326 665 nominibus
1350 632 1517 674 solempni
1555 633 1780 675 stipulacione
1806 634 1986 675 promissa,
2011 637 2044 667 et

124 687 171 714 -.1
218 693 384 728 solvenda
408 693 442 726 in
466 693 615 726 denariis
639 694 824 727 numeratis
848 693 959 736 symul
985 703 1062 727 cum
1086 695 1251 737 expensis
1276 695 1436 728 omnibus
1461 697 1494 728 et
1518 695 1676 738 singulis,
1701 704 1768 737 que
1797 696 1915 729 tierent
1940 697 2042 729 modo

199 755 333 798 ,atiquo
356 763 420 797 pro
443 755 607 797 predictis
630 756 664 788 et
679 755 826 798 singulis
850 756 1008 797 petendis
1025 758 1058 789 et
1074 756 1265 799 exigendis.
1291 755 1474 790 Credendo
1499 766 1615 790 eorum
1640 758 1776 791 nomine
1802 758 1983 800 agentibus
2009 759 2041 791 in

133 852 152 867 ,ἲ
214 826 332 852 eorum
357 817 450 851 dicto
473 817 546 850 sine
571 819 786 851 sacramento
809 817 967 851 faciendo
992 818 1034 851 de
1059 819 1225 860 expensis
1250 819 1328 851 inde
1353 818 1452 852 tactis
1478 821 1578 860 prout
1601 819 1686 852 alter
1709 819 1804 852 alteri
1830 820 1963 853 dixerit.
2002 820 2042 853 Et

154 873 163 890 “’
217 888 280 923 pro
302 879 465 922 predictis
489 879 648 913 omnibus
672 881 706 913 et
730 879 876 923 singulis
899 880 1038 914 tirmiter
1061 881 1288 920 attendendis,
1321 881 1498 914 solvendis
1523 883 1555 914 et
1580 882 1808 915 observandis
1844 882 1924 915 dicti
1961 892 2043 915 con-

146 929 164 957 “3
216 942 388 976 trahentes
412 941 497 974 inter
521 950 558 974 se
583 941 749 982 vicissim,
775 942 935 975 videlicet
958 942 1038 975 dicti
1064 943 1225 976 dominus
1260 943 1370 976 abbas
1394 945 1427 976 et
1451 943 1572 976 tratres
1604 944 1685 977 dicti
1712 945 2041 977 monasterii‘sancti

216 1002 306 1039 Petri
329 1003 442 1037 omnia
466 1003 556 1036 bona
581 1004 692 1046 ipsius
716 1005 911 1038 monasterii
936 1004 1067 1038 eisdem
1091 1004 1252 1038 tratribus
1276 1005 1407 1038 ordinis
1431 1005 1667 1038 heremitarum
1693 1007 1829 1039 nomine
1854 1007 1964 1049 ipsius
1988 1016 2042 1039 or-

120 1053 161 1105 ’,
216 1066 318 1105 dinis,
341 1067 374 1099 et
397 1066 478 1099 dicti
501 1065 622 1099 tratres
646 1066 776 1099 ordinis
801 1067 1038 1100 heremitarum
1063 1067 1176 1100 omnia
1201 1067 1291 1100 bona
1315 1067 1396 1100 dicti
1429 1067 1560 1100 ordinis
1595 1067 1725 1101 eisdem
1762 1069 1900 1101 domino
1925 1069 2040 1102 abbati

136 1122 169 1176 [3.
215 1129 251 1162 et
272 1127 432 1163 fratribus
455 1128 536 1161 dicti
562 1128 757 1162 monasterii
782 1129 891 1162 sancti
915 1127 1005 1162 Petri
1031 1129 1166 1162 nomine
1191 1129 1302 1170 ipsius
1338 1130 1533 1162 monasterii
1570 1130 1817 1172 obligaverunt.
1855 1131 1928 1164 Hoc
1965 1134 2041 1165 acto

215 1190 302 1225 inter
323 1190 435 1224 dictos
458 1191 697 1224 contrahentes
721 1193 754 1224 et
778 1191 946 1224 dictorum
970 1191 1167 1224 nominibus
1191 1200 1252 1233 per
1276 1193 1423 1233 pactum,
1449 1192 1609 1225 videlicet
1626 1193 1654 1225 si
1672 1193 1753 1225 dicti
1777 1193 1897 1226 fratres
1911 1194 2041 1227 ordinis

216 1252 462 1292 heremitarum,
486 1252 676 1294 predictum
701 1252 855 1286 sedimen
880 1253 913 1285 in
938 1254 1009 1286 toto
1034 1252 1088 1286 vel
1113 1253 1146 1285 in
1172 1255 1266 1295 parte
1292 1254 1439 1286 vendere
1465 1253 1518 1287 vei
1544 1254 1691 1287 alienare
1728 1254 1906 1295 voluerint,
1947 1256 2040 1298 quod

195 1345 198 1348 .
214 1315 310 1359 prius
333 1315 471 1348 domino
494 1315 610 1348 abbati
634 1315 715 1348 dicti
741 1315 936 1348 monasterii
961 1315 1130 1357 requirere
1156 1317 1333 1348 teneantur
1357 1317 1389 1348 et
1413 1316 1494 1349 dare
1519 1316 1549 1349 ei
1574 1317 1709 1350 nomine
1739 1317 1819 1350 dicti
1845 1319 2040 1351 monasterii

214 1377 474 1421 promissionem
498 1378 591 1419 quod
616 1378 660 1410 ab
684 1377 750 1410 alia
774 1385 921 1419 persona
946 1378 1070 1410 habere
1096 1378 1266 1420 potuerint
1291 1387 1352 1420 pro
1371 1378 1522 1420 qualibet
1540 1378 1624 1411 libra
1642 1380 1745 1420 precii
1772 1380 1931 1412 danarios
1956 1381 2042 1413 duo-

132 1423 163 1476 3³3⁵
213 1438 324 1474 decim
348 1440 544 1481 papienses,
569 1440 597 1473 si
623 1440 736 1473 dictus
760 1440 920 1473 dominus
959 1440 1068 1473 abbas
1104 1440 1196 1473 dicto
1232 1441 1368 1473 nomine
1404 1449 1515 1473 emere
1553 1441 1707 1480 voluerit,
1732 1444 1765 1474 et
1790 1442 1818 1474 si
1844 1451 1925 1475 vero
1962 1452 2038 1475 eum

127 1491 167 1549 ι]
213 1497 296 1545 (sic)
319 1510 430 1534 emere
454 1501 599 1535 noluerit
623 1501 709 1535 intra
733 1502 928 1544 quindecim
953 1502 1029 1543 dies
1054 1503 1210 1544 proxime
1235 1504 1315 1544 post
1339 1503 1636 1535 denunciationem
1661 1503 1691 1535 ei
1717 1503 1851 1543 tactam,
1889 1505 2038 1537 vendant

213 1564 248 1597 et
270 1563 355 1596 dent>
373 1566 495 1606 postea
519 1564 572 1597 cui
599 1563 778 1604 voluerint,
803 1566 914 1606 preter
938 1565 1097 1606 superius
1122 1565 1313 1606 exceptatis
1337 1562 1420 1606 (sic)
1445 1565 1487 1597 ad
1514 1566 1783 1607 suprascriptum
1809 1566 1922 1599 fictum
1949 1568 2039 1599 omni

122 1610 166 1654 72
211 1634 302 1660 anno
337 1626 540 1659 solvendum
564 1628 597 1659 et
621 1626 664 1659 ad
689 1627 843 1669 predicta
866 1627 980 1660 omnia
1004 1629 1036 1660 et
1061 1627 1196 1669 singula
1233 1627 1439 1660 attendenda
1464 1629 1497 1660 et
1521 1627 1749 1667 observanda,
1780 1630 1812 1660 et
1843 1628 1943 1661 dante
1982 1629 2039 1662 iilo

215 1689 275 1731 qui
298 1689 425 1729 emerit,
450 1688 503 1722 vel
529 1689 562 1721 in
587 1698 687 1731 quem
724 1690 916 1731 pervenerit
951 1690 1044 1723 dicto
1068 1689 1207 1722 domino
1243 1689 1358 1722 abbati
1384 1699 1445 1731 pro
1471 1690 1681 1730 investitura,
1707 1690 1749 1723 de
1775 1691 1926 1732 qualibet
1952 1692 2036 1725 libra

132 1735 166 1787 ⁵³³2
219 1751 323 1793 precii
347 1759 410 1784 seu
434 1750 564 1784 vallore
589 1751 751 1785 denarios
775 1752 894 1794 viginti
920 1752 1116 1794 papienses.

131 1852 137 1859 ,Ι
163 1858 166 1860 v
279 1812 342 1846 'Et
366 1822 428 1855 pro
453 1813 516 1847 hac
542 1813 743 1847 investitura
765 1813 901 1847 fuerunt
925 1814 1075 1848 confessi
1101 1815 1181 1848 dicti
1207 1815 1366 1848 dominus
1399 1815 1508 1849 abbas
1533 1817 1565 1848 et
1590 1815 1691 1849 trater
1726 1816 1806 1849 dicti
1844 1817 2038 1850 monasterii

214 1862 348 1908 nomine
372 1875 483 1917 ipsius
507 1876 704 1909 monasterii
738 1884 860 1909 versus
889 1876 1016 1909 dictum
1053 1876 1187 1910 fratrem
1225 1876 1453 1919 Augustinum
1478 1879 1510 1910 et
1535 1878 1704 1911 sindicum
1730 1887 1767 1911 se
1793 1879 1972 1920 accepisse
2005 1881 2038 1912 et

212 1936 375 1972 habuisse
398 1937 443 1971 ab
467 1938 518 1971 eis
542 1937 648 1971 libras
672 1938 944 1981 vigintiquinque
970 1939 1155 1981 papienses
1180 1939 1223 1972 de
1248 1940 1398 1972 denariis
1422 1940 1503 1973 dicti
1529 1941 1668 1973 ordinis.
1707 1940 1951 1975 Renunciando
1981 1951 2041 1974 ex-

131 1998 155 2049 {-
213 1999 360 2042 ceptioni
385 2009 452 2032 non
477 2002 617 2042 accepte
642 2000 731 2034 dicte
757 2001 965 2034 investiture.
992 2001 1032 2034 Et
1057 2002 1135 2034 inde
1160 2002 1241 2034 dicti
1266 2002 1426 2035 dominus
1451 2003 1561 2035 abbas
1585 2005 1618 2035 et
1642 2003 1762 2036 fratres
1787 2004 1922 2036 nomine
1959 2004 2038 2037 dicti

135 2062 163 2094 ’ῑ
214 2062 407 2095 monasterii
431 2063 464 2095 et
487 2062 568 2095 dicti
592 2061 694 2095 frater
717 2061 930 2105 Augustinus
954 2065 987 2096 et
1010 2063 1112 2097 frater
1136 2063 1258 2097 Petrus
1282 2065 1437 2098 sindicus
1462 2065 1598 2098 nomine
1623 2065 1704 2098 dicti
1729 2066 1859 2099 ordinis
1895 2068 1927 2098 et
1959 2076 2041 2099 con—

129 2118 165 2160 Ϊ
214 2125 337 2157 ventus
361 2125 447 2158 hanc
471 2126 598 2158 cartam
622 2127 655 2158 et
679 2125 796 2167 plures
821 2134 888 2158 uno
912 2128 1028 2159 tenore
1053 2126 1124 2159 fieri
1150 2129 1365 2169 rogaverunt.
1391 2126 1614 2160 Interfuerunt
1639 2127 1829 2161 lacominus
1859 2129 2039 2168 Muricula,

214 2182 364 2220 Giranus
387 2187 430 2220 de
454 2186 617 2227 Larocha‚
642 2187 849 2220 Bertollinus
873 2186 998 2221 Gattus
1022 2190 1055 2221 et
1080 2188 1291 2223 Roiandinus
1316 2188 1531 2223 Sclafenatus
1557 2190 1635 2223 inde
1660 2192 1775 2223 testes.

141 2286 157 2299 .÷
302 2247 375 2291 Ego
399 2248 566 2283 lohannes
590 2249 787 2283 Panizarius
811 2250 988 2292 papiensis
1013 2250 1198 2292 pubblicus
1223 2251 1386 2294 imperiali
1411 2253 1610 2285 auctoritate
1640 2253 1791 2285 notarius
1809 2254 1894 2286 hanc
1913 2255 2038 2286 cartam

211 2309 384 2345 inventam
407 2313 440 2344 et
464 2313 650 2345 extractam
675 2312 717 2345 de
742 2312 931 2355 brevyariis
955 2313 1128 2355 quondam
1158 2312 1340 2355 Augustini
1376 2313 1544 2347 Panizazii
1582 2315 1701 2347 notarii
1727 2315 1806 2347 oiim
1832 2315 1938 2357 patris
1974 2316 2038 2348 mei

133 2363 155 2376 ¹
217 2371 316 2406 michi
341 2373 535 2407 commissis
559 2374 762 2417 subscripsi.

128 2470 148 2482 .-
302 2434 375 2478 Ego
390 2435 629 2472 Lanteiminus
653 2437 823 2471 MuricuIa
848 2439 999 2472 notarius
1024 2440 1201 2481 papiensis
1226 2440 1312 2473 hanc
1338 2442 1463 2473 cartam
1497 2441 1593 2473 iussu
1619 2439 1842 2481 suprascripti
1880 2438 2039 2472 Iohannis

137 2491 157 2534 ,ἒ
214 2494 378 2532 Panizarii
402 2499 522 2532 notarii
547 2499 680 2541 scripsi.
