2496 3600
449 227 554 269 &290

487 360 679 403 Sententias
704 363 798 405 ipsas
823 363 960 396 duobus
977 363 1076 396 annis
1101 363 1281 401 continuis,
1300 362 1332 394 in
1350 363 1520 395 conventu
1538 362 1705 395 dictorum
1722 361 1860 395 fratrum
1877 362 1985 396 sancti
2003 361 2185 405 Augustini
2202 361 2308 406 Papie

487 423 614 471 legerit,
638 425 804 467 tertioque
828 433 918 458 anno
943 424 1163 467 compleverit
1189 423 1298 457 Biblie
1323 423 1481 456 lecturam
1507 423 1696 457 secundum
1713 425 1838 458 statuta
1855 423 1991 467 papalia
2008 425 2168 458 taxatam:
2186 425 2309 460 deinde

485 487 551 520 sub
575 486 651 520 aliis
676 496 738 520 sex
765 488 935 530 magistris
961 495 1056 520 sacre
1082 487 1204 529 pagine
1230 485 1484 528 professoribus
1509 486 1610 519 huius
1634 486 1722 520 alme
1747 486 1989 527 universitatis,
2013 487 2055 520 de
2080 487 2196 521 arduis
2213 489 2246 521 et
2261 487 2311 522 al·

485 549 528 582 tis
553 550 791 591 questionibus
817 550 849 582 in
875 550 1045 591 theologia
1071 549 1292 591 responderit,
1318 547 1474 590 aliosque
1499 550 1596 582 actus
1621 548 1825 582 bachalariis
1838 557 1900 591 pro
1913 549 2020 582 forma
2045 548 2235 592 legentibus
2259 550 2310 583 in·

484 612 684 645 cumbentes
709 612 924 645 laudabiliter
947 611 1138 645 exercuerit
1161 612 1194 644 et
1219 611 1305 644 bene
1331 610 1517 653 perfecerit,
1542 612 1574 644 et
1599 611 1631 644 in
1656 611 1707 644 eis
1731 619 1769 644 se
1794 611 2035 645 benemeritum
2053 611 2095 644 ad
2113 612 2311 647 doctoratus
2343 597 2373 650 ff

483 676 515 707 et
540 675 724 716 magisterii
750 674 891 716 gradum
917 674 1131 706 exhibuerit:
1156 672 1310 715 Nosque,
1335 673 1532 706 auctoritate
1557 673 1758 715 apostolica,
1783 682 1850 716 qua
1875 682 1919 706 ex
1945 673 2075 707 indulto
2093 682 2152 716 per
2164 674 2310 709 sanctis-
2327 719 2329 721 Ι

482 737 605 769 simum
632 737 663 768 in
690 735 827 770 Christo
852 735 984 768 Patrem
1010 737 1042 768 et
1066 734 1107 768 D.
1133 734 1174 768 D.
1200 735 1405 769 Bonifatium
1430 735 1547 768 divina
1572 736 1785 777 providentia
1809 734 1939 778 Papam
1964 745 2101 775 nonum,
2134 735 2311 771 Universi·
2339 740 2372 784 ²]ss

483 799 541 832 tati
568 799 722 840 papiensi
749 807 926 837 conceSSO‚
953 798 1124 840 fungimur
1148 798 1180 830 in
1207 798 1270 831 hac
1295 799 1400 840 parte,
1425 800 1612 831 convocata
1637 800 1670 831 et
1694 800 1900 841 congregata
1933 798 2153 832 universitate
2188 798 2306 832 huius·
2341 787 2366 828 ἷῘ

483 861 574 894 modi
601 861 632 893 in
658 861 801 894 ecclesia
827 861 982 903 papiensi
1009 861 1103 894 iuxta
1129 869 1265 900 morem,
1291 869 1352 902 pro
1377 861 1441 893 hoc
1467 861 1604 903 negotio
1628 860 1771 894 feliciter
1794 860 2000 903 peragendo,
2025 861 2117 894 dicto
2140 860 2232 894 fratri
2258 860 2310 895 lo-
2357 848 2360 849 ⁷

483 925 583 957 hanni
610 925 682 956 suis
708 924 834 956 meritis
859 923 1077 966 exigentibus
1102 923 1295 956 cathedram
1321 923 1548 966 magistralem
1573 923 1781 956 ascendendi
1806 925 1838 956 et
1862 923 1895 956 in
1920 931 1960 956 ea
1985 923 2129 966 legendi,
2153 922 2310 965 docendi,

482 987 691 1028 disputandi,
717 987 916 1028 questiones
941 986 1141 1019 terminandi
1168 987 1200 1019 et
1224 988 1356 1019 ceteros
1381 988 1478 1019 actus
1502 986 1684 1019 doctoreos
1708 982 1889 1019 exercendi
1915 988 1947 1019 et
1972 986 2155 1029 magisterii
2184 985 2319 1023 infulas,
2335 1012 2351 1029 ⁷„

483 1049 666 1082 defferendi
693 1050 725 1081 in
751 1049 841 1082 dicta
867 1058 965 1082 sacra
989 1049 1170 1092 theologia,
1195 1049 1250 1082 die
1276 1049 1425 1082 seconda
1451 1050 1608 1082 instantis
1633 1050 1761 1083 mensis
1785 1049 1932 1092 augusti,
1957 1050 2191 1082 auctoritatem
2215 1050 2249 1083 et
2270 1049 2315 1083 liu
2332 1036 2354 1066 3³

481 1113 624 1145 centiam
651 1113 940 1145 concesserimus:
968 1111 1008 1144 Et
1033 1112 1102 1144 heri
1129 1111 1229 1144 simili
1270 1111 1371 1144 modo
1407 1114 1612 1154 congregata
1649 1112 1868 1145 universitate
1905 1112 2068 1154 predicta,
2104 1112 2137 1144 in
2161 1111 2310 1147 ecclesia

482 1176 598 1207 sancte
624 1174 787 1207 Mustiole
813 1175 968 1216 papiensi
994 1174 1074 1207 dicti
1100 1174 1229 1207 ordinis
1255 1174 1491 1207 heremitarum
1529 1175 1617 1207 beati
1654 1173 1847 1217 Augustini,
1884 1175 1958 1216 ipse
1993 1173 2095 1207 frater
2130 1173 2310 1216 lohannes,

481 1238 575 1269 iuxta
601 1246 727 1270 morem
753 1237 785 1269 in
811 1237 938 1270 talibus
963 1237 1138 1270 observari
1164 1238 1376 1276 consuetum,
1402 1237 1617 1279 vesperiatus
1641 1237 1805 1270 extiterit:
1838 1236 1938 1270 Nunc
1963 1246 2044 1270 vero
2080 1245 2172 1270 more
2196 1237 2311 1279 simili,

481 1300 513 1332 in
539 1300 686 1332 ecclesia
712 1300 880 1341 papiensi,
906 1301 1111 1342 congregata
1137 1300 1356 1332 universitate
1382 1300 1545 1341 predicta,
1572 1300 1732 1333 birretum
1757 1309 1818 1334 seu
1844 1300 2028 1342 magisterii
2053 1299 2179 1334 infulas
2207 1299 2312 1343 capiti
2344 1345 2347 1348 y

481 1362 561 1395 dicti
587 1362 699 1395 fratris
725 1362 895 1402 Iohannis,
920 1362 1066 1395 servatis
1091 1362 1270 1395 servandis
1273 1388 1380 1395 ..........

1344 1511 1448 1552 CX.

570 1612 766 1641 Iserizione
791 1612 825 1641 al
851 1612 986 1649 quadro
1012 1611 1213 1641 dell'altare
1238 1612 1274 1642 di
1300 1613 1335 1642 S.
1363 1612 1491 1642 Nicola
1516 1613 1562 1642 da
1587 1612 1777 1643 Tolentino
1802 1613 1838 1642 in
1862 1613 1899 1643 S.
1925 1613 2108 1646 Mostiola.

1193 1700 1347 1733 1394,
1375 1702 1597 1734 agusto·

967 1781 1045 1806 (Arch.
1062 1781 1147 1803 Museo
1163 1780 1212 1803 civ.
1229 1781 1251 1803 di
1269 1781 1348 1808 Pavia;
1363 1781 1391 1804 G.
1407 1781 1489 1810 BOSSl‚
1504 1783 1639 1810 lscrizronr,
1655 1789 1698 1805 ms.
1713 1783 1754 1806 fol.
1769 1784 1826 1810 325).

497 1851 500 1929 ξ
562 1904 682 2023 Α
726 1922 759 1962 3D
785 1917 817 1951 S.
844 1918 1032 1956 Mustiolae,
1059 1919 1090 1951 in
1115 1918 1239 1951 sacello
1265 1917 1298 1952 S.
1323 1919 1460 1952 Nicolai
1482 1919 1523 1952 de
1552 1919 1732 1958 Tolentino,
1758 1920 1805 1953 ad
1827 1921 1953 1954 iconem
1977 1913 2039 1962 (1)ss

498 2014 500 2043 l
724 1963 728 2014 i
845 1981 917 2013 Hoc
942 1990 1031 2022 opus
1057 1981 1136 2014 fecit
1160 1981 1230 2014 fieri
1255 1982 1413 2024 egregius
1439 1982 1550 2024 legum
1576 1983 1694 2016 doctor
1721 1983 1882 2016 dominus
1917 1982 2098 2025 Philippus
2134 1983 2177 2016 de
2212 1982 2318 2019 Ursis

498 2060 500 2078 2
622 2020 727 2082 mi
754 2044 796 2077 de
821 2043 942 2077 Pescia
967 2041 1018 2085 (2)
1043 2053 1104 2086 pro
1130 2045 1280 2077 remedio
1312 2046 1444 2078 animae
1480 2046 1607 2088 egregii
1611 2071 1718 2078 ..........
1756 2045 1906 2079 Mathaei
1932 2046 1975 2079 de
2000 2045 2099 2080 Ursis
2122 2046 2166 2080 de
2189 2045 2311 2081 Pescia
2358 2042 2374 2079 ζ

485 2106 564 2138 olim
590 2106 795 2139 collateralis
821 2106 961 2139 illustris
987 2107 1152 2148 principis
1177 2116 1216 2140 ac
1249 2107 1419 2150 magnifici
1445 2109 1478 2140 et
1501 2108 1630 2141 excelsi
1668 2107 1804 2141 Domini
1841 2108 2028 2141 Mediolani
2065 2110 2127 2141 etc.
2167 2107 2316 2143 Comitis

487 2168 664 2208 Virtutum,
691 2169 874 2210 imperialis
900 2169 1022 2202 Vicarii
1048 2169 1227 2212 generalis,
1253 2172 1285 2202 et
1310 2170 1468 2203 dominae
1493 2168 1697 2204 Catharinae
1723 2171 1874 2213 ipsorum
1893 2171 2019 2204 matris.
2045 2170 2312 2215 Mccclxxxxiiii

486 2231 528 2263 de
555 2240 671 2263 mense
697 2231 852 2273 Augusti.
879 2232 1084 2264 Michelinus
1110 2232 1152 2264 de
1177 2231 1323 2265 Bexutio
1349 2231 1382 2264 Ρ.
1408 2229 1470 2273 (3).
2371 2226 2380 2239 ”

488 2372 605 2393 nasreriis
622 2371 764 2393 Germaniae
777 2371 877 2394 Ordinis
887 2373 973 2397 nostri,
990 2373 1032 2394 che
1047 2372 1069 2393 in
1085 2374 1170 2399 questo
1180 2374 1260 2399 tempo
1270 2372 1374 2398 (139011-

489 2416 594 2437 lustrava
610 2416 682 2437 molto
698 2416 719 2437 la
734 2421 777 2437 sua
792 2416 883 2438 famosa
899 2416 1020 2438 Provincia
1031 2417 1053 2438 di
1076 2416 1173 2438 Baviera
1189 2422 1219 2438 un
1235 2417 1324 2443 insigne
1334 2417 1376 2439 let-

488 2461 565 2482 terato
588 2466 629 2487 per
650 2466 719 2482 nome
734 2461 758 2482 F.
774 2460 888 2482 Giovanni
904 2461 926 2482 di
942 2460 1002 2484 Recz
1024 2467 1067 2482 con
1089 2461 1110 2483 le
1131 2467 1174 2482 sue
1194 2466 1246 2483 rare
1261 2461 1337 2483 virtu:
1353 2461 1375 2483 di

490 2506 575 2531 questo
590 2506 701 2531 soggetto
716 2510 742 2526 se
757 2510 785 2526 ne
800 2504 822 2526 fa
839 2505 959 2526 menzione
974 2505 1010 2526 nel
1026 2504 1134 2531 Registro
1149 2505 1262 2527 Generale
1277 2505 1299 2526 di
1320 2511 1376 2532 que-

490 2549 521 2570 εἶ’
530 2554 599 2575 anno,
616 2549 637 2570 in
653 2549 688 2570 cui
705 2549 719 2570 ll
735 2549 848 2571 Generale
863 2549 1013 2571 Bartolomeo
1029 2549 1058 2571 da
1073 2549 1182 2576 venezia,
1193 2551 1258 2571 sotto
1269 2550 1283 2571 il
1294 2550 1377 2576 giorno

489 2594 516 2615 24
530 2594 552 2615 di
568 2594 696 2615 settembre
711 2594 741 2620 gli
757 2599 868 2616 concesse
884 2593 906 2615 di
922 2594 1000 2615 venire
1015 2594 1037 2615 in
1053 2594 1118 2616 ltalia
1133 2600 1147 2615 a
1162 2594 1207 2616 fine
1218 2594 1240 2616 di
1252 2595 1376 2617 terminare

490 2638 551 2659 nello
566 2637 650 2660 Studio
665 2638 687 2659 di
704 2638 775 2660 Pavia
791 2638 812 2660 la
827 2638 914 2660 lettura
936 2638 972 2660 del
994 2638 1101 2660 Maestro
1123 2638 1182 2660 delle
1204 2638 1327 2666 Sentenze,
1345 2639 1375 2661 ad

489 2682 571 2703 effetto
586 2682 608 2703 di
624 2682 762 2709 conseguire
777 2682 798 2703 la
815 2682 903 2704 Laurea
918 2682 1063 2709 Magistrale,
1079 2682 1100 2703 la
1116 2683 1184 2709 quale
1199 2683 1221 2704 in
1237 2683 1290 2709 quei
1302 2683 1374 2710 tempi

490 2732 535 2748 non
550 2726 569 2747 si
585 2726 645 2748 dava
667 2726 716 2748 cosi
738 2726 878 2752 facilmente,
894 2732 960 2748 come
975 2726 997 2748 in
1013 2727 1090 2753 questi
1106 2727 1179 2748 nostri
1195 2727 1214 2748 si
1229 2729 1336 2749 costuma
1353 2727 1375 2749 di

490 2770 539 2792 fare
554 2778 573 2792 ».
585 2770 653 2792 Dallo
668 2771 747 2792 stesso
762 2770 856 2797 Torelli,
873 2776 925 2797 pag.
941 2771 989 2797 388,
1005 2771 1023 2792 si
1038 2771 1158 2798 apprende
1167 2771 1209 2793 che
1219 2771 1332 2794 Giovanni
1348 2772 1378 2793 da

492 2814 551 2836 Recz
567 2815 630 2841 dopo
645 2814 667 2836 di
683 2820 762 2837 essere
777 2816 840 2837 stato
857 2815 1000 2837 Provinciale
1016 2815 1075 2837 della
1087 2815 1193 2842 Baviera,
1205 2815 1264 2838 della
1273 2816 1377 2843 Boemia,

492 2858 646 2880 dell'Austria
662 2864 674 2880 e
689 2858 749 2880 della
765 2858 880 2885 Carinzla,
896 2859 953 2880 morl
975 2859 1012 2881 nel
1031 2858 1154 2881 Convento
1169 2859 1191 2880 di
1206 2859 1294 2882 Vienna
1309 2865 1378 2882 verso

494 2893 576 2923 l'anno
600 2903 658 2929 1402,
675 2910 686 2920 «τ
701 2904 795 2924 entrato
809 2908 901 2930 appena
917 2903 1017 2925 nell’eta
1038 2903 1111 2925 senile
1125 2910 1145 2925 ».
1162 2904 1194 2925 Fu
1209 2904 1303 2930 sepolto
1318 2904 1378 2926 nella

495 2946 575 2967 tomba
591 2946 612 2967 ln
627 2947 663 2968 cui
680 2947 821 2973 riposavano
836 2948 842 2968 i
857 2947 941 2969 famosi
957 2947 1063 2970 Generali
1078 2947 1206 2970 Tommaso
1227 2948 1379 2975 d'Argentina

495 2981 513 3011 e*
523 2989 635 3016 Gregorio
650 2991 679 3012 da
696 2990 786 3017 Rimini,
802 2991 898 3013 insieme
912 2992 934 3013 al
950 2991 976 3013 Β.
992 2991 1111 3014 Giordano
1133 2992 1162 3013 da
1185 2991 1304 3014 Sassonia.
1320 2992 1378 3014 Vedi

497 3025 518 3056 ie
533 3036 588 3056 nore
603 3035 624 3055 al
640 3035 692 3056 doc.
709 3041 731 3056 n,
747 3036 850 3057 xxxm.

551 3078 582 3102 (l)
597 3078 687 3104 Questa
709 3079 853 3101 indicazione
875 3080 1021 3107 topograflca
1043 3086 1089 3102 non
1111 3081 1169 3102 deve
1184 3080 1239 3102 farsi
1255 3081 1344 3102 risalire
1358 3081 1380 3102 al

499 3114 579 3149 tempo
594 3122 654 3144 della
669 3122 799 3149 iscrizione,
815 3129 881 3145 come
896 3130 921 3146 se
937 3124 967 3146 fin
983 3125 1020 3146 dal
1033 3125 1084 3147 139⁴
1094 3125 1116 3146 in
1126 3124 1149 3147 S.
1161 3125 1274 3147 Mustiola
1284 3125 1306 3147 vi
1318 3125 1382 3147 fosse

1429 2378 1475 2395 una
1490 2373 1602 2400 Cappella
1617 2379 1630 2396 a
1645 2373 1669 2395 S.
1685 2374 1766 2396 Nicola
1781 2374 1811 2396 da
1826 2374 1964 2400 Tolentino;
1988 2379 2025 2396 ma
2044 2374 2066 2396 al
2081 2375 2162 2401 tempo
2177 2373 2214 2396 del
2229 2373 2308 2403 80111,
2328 2369 2330 2372 ’
2351 2376 2378 2407 3:³2,

1431 2419 1507 2439 morto
1522 2418 1559 2439 nel
1575 2418 1634 2440 16⁴6.
1656 2417 1768 2441 Tuttavia
1791 2424 1837 2440 non
1856 2418 1904 2445 puo
1923 2407 2015 2446 negarsi
2030 2416 2073 2440 che
2086 2418 2111 2440 S.
2126 2418 2208 2441 Nicon
2221 2412 2252 2441 dh
2265 2417 2313 2443 ΤΦ·
2356 2447 2374 2455 Ξ

1431 2463 1518 2485 lentino
1533 2463 1676 2486 riscuotesse
1691 2469 1722 2485 un
1736 2463 1800 2486 culto
1815 2458 1955 2490 particolare
1969 2463 1992 2485 in
2007 2465 2092 2491 questa
2113 2463 2219 2492 cappella
2237 2463 2312 2488 noim
2350 2452 2385 2467 ⁵

1431 2508 1505 2534 prima
1519 2507 1556 2529 del
1573 2508 1631 2534 16463
1646 2508 1698 2530 anzi
1713 2514 1845 2531 vorremmo
1860 2508 1910 2530 dire
1924 2508 1955 2530 fin
1970 2508 2008 2530 dal
2025 2508 2083 2531 lae4.
2099 2507 2217 2531 Peroeclae
2229 2507 2312 2531 undo-
2338 2497 2372 2540 ”Ji

1432 2554 1542 2574 cumento
1556 2553 1598 2574 che
1613 2553 1804 2579 pubblicheremo
1818 2553 1855 2574 nel
1871 2553 1888 2574 ll
1904 2553 1997 2575 volume
2011 2552 2152 2575 dimostrera
2173 2553 2216 2575 che
2236 2552 2311 2580 prinu
2334 2541 2382 2583 Ξ

1431 2596 1468 2618 der
1482 2597 1510 2620 23
1523 2596 1594 2623 ragno
1609 2596 1646 2619 aei
1663 2596 1715 2619 1416
1728 2596 1750 2619 ra
1765 2597 1855 2623 capena
1870 2597 1978 2619 dedicata
1992 2602 2006 2619 a
2021 2596 2045 2619 st
2060 2597 2142 2620 Νῑοοιι
2151 2596 2189 2625 gu
2198 2597 2310 2622 euim.

1431 2641 1516 2662 lnoltre
1531 2641 1614 2668 poiche
1629 2641 1644 2663 il
1661 2641 1760 2668 quadro,
1775 2642 1817 2663 che
1834 2641 1853 2663 si
1869 2643 1967 2663 trovava
1988 2641 2048 2664 nella
2069 2641 2175 2668 cappella
2197 2641 2220 2664 ai
2237 2641 2313 2669 tempi

1430 2685 1467 2707 del
1484 2685 1561 2712 Bessi,
1576 2686 1589 2708 ὲ
1604 2686 1682 2714 quello
1703 2687 1790 2713 stesso,
1805 2686 1848 2708 che
1869 2686 1891 2708 vi
1905 2686 1925 2708 si
1940 2687 2038 2708 trovava
2062 2685 2098 2708 nel
2121 2685 2186 2712 1³9⁴:
2201 2691 2217 2712 e.
2228 2685 2326 2713 potest,
2363 2687 2375 2720 :J

1431 2730 1466 2751 nei
1482 2731 1582 2752 costuml
1598 2731 1679 2757 paves}
1694 2730 1706 2752 e
1721 2728 1827 2753 inaudito
1841 2730 1884 2752 che
1898 2735 1944 2752 una
1958 2729 2071 2757 cappella
2084 2730 2150 2752 fosse
2159 2729 2267 2753 decimu
2280 2729 2314 2753 ad
2327 2746 2338 2749 -

1433 2780 1463 2796 un
1478 2774 1559 2801 Santo,
1575 2775 1604 2797 ed
1618 2775 1633 2797 il
1648 2775 1739 2802 quadro
1753 2774 1807 2798 dell’
1815 2775 1889 2797 altare
1903 2780 1932 2796 ne
1947 2776 2140 2801 rappresenrasse
2155 2780 2185 2796 un
2199 2775 2269 2803 amo,
2282 2780 2315 2797 ne
2339 2764 2370 2798 ῗῖἶ

1433 2819 1543 2842 discende
1557 2819 1599 2841 che
1614 2819 1645 2842 tin
1660 2819 1698 2841 dal
1714 2819 1766 2842 1394
1779 2818 1803 2841 S.
1818 2819 1900 2841 Nicola
1914 2819 1944 2841 da
1959 2818 2082 2841 'solentino
2090 2819 2234 2841 riscuotesse
2249 2819 2273 2841 in
2286 2817 2312 2842 S.

1433 2863 1545 2886 Mostiola
1561 2869 1591 2885 un
1605 2863 1670 2886 culto
1684 2863 1831 2891 particulare.

1484 2908 1515 2934 (2)
1530 2908 1621 2935 Filippo
1636 2908 1666 2930 da
1681 2907 1762 2931 Pescla
1777 2913 1816 2930 era
1831 2907 1966 2935 professore
1976 2907 2029 2929 nell·
2038 2907 2179 2934 Universira,
2193 2908 2223 2930 ed
2237 2907 2253 2930 il
2266 2900 2327 2931 ιη’,
2339 2900 2376 2939 'J

1434 2959 1503 2975 nome
1517 2959 1605 2980 appare
1620 2959 1662 2980 per
1676 2953 1698 2975 Ιι
1713 2953 1788 2980 prima
1809 2953 1872 2975 volta
1887 2953 1910 2976 in
1925 2958 1956 2975 un
1976 2952 2080 2979 diploma
2099 2952 2122 2974 di
2137 2953 2216 2975 laurea
2235 2952 2273 2975 del
2285 2952 2315 2976 Β

1435 2998 1526 3025 maggio
1543 2998 1594 3020 1374
1607 2997 1669 3022 (veui
1684 2997 1823 3020 maroccm.
1838 2996 1897 3019 coa.
1913 2997 2011 3024 asprum.
2026 2997 2072 3019 voi.
2089 2997 2105 3023 ι,
2121 3002 2175 3025 pag.
2192 2997 2232 3023 ιο).

1489 3042 1520 3068 (3)
1535 3042 1579 3064 Per
1593 3043 1679 3068 questo
1693 3042 1781 3069 pitture
1795 3041 1920 3064 Michellno
1934 3042 1987 3064 verli
2007 3041 2066 3063 nelle
2086 3043 2143 3066 note
2157 3042 2179 3064 al
2193 3042 2263 3064 Liber
2275 3047 2317 3064 m

1434 3093 1563 3115 pensarum
1579 3087 1616 3109 dei
1632 3087 1690 3114 raes,
1706 3087 1758 3109 doe.
1773 3092 1795 3108 n.
1812 3086 1950 3109 Lxxxvru.
2350 3073 2380 3087 ⁵
