2496 3600
1926 249 1986 280 179

260 376 339 410 Item
363 376 509 409 dicimus
534 378 566 409 et
590 378 860 418 pronuntiamus,
885 380 920 410 ut
945 386 1059 419 supra,
1084 378 1219 410 tabulas
1244 379 1389 419 quatuor
1414 378 1590 410 sediminis
1627 379 1727 419 positi
1754 380 1786 410 in
1813 379 1917 420 Papia
1955 382 1986 413 in

173 439 270 483 porta
295 437 463 471 Laudensi
489 438 522 471 in
547 439 708 480 parochia
733 437 766 472 S.
793 439 858 472 Viti
884 439 983 472 simul
1009 449 1045 472 se
1071 440 1216 472 tenentis
1241 449 1316 472 cum
1342 440 1433 472 dicto
1459 441 1674 479 monasterio,
1692 441 1744 472 cui
1763 442 1896 474 coheret
1925 451 1985 474 seu

170 500 330 535 coherere
354 501 543 540 consuevit,
569 501 612 534 ab
638 510 704 534 una
729 503 823 542 parte
849 502 1010 534 heredum
1035 502 1207 543 quondam
1233 500 1425 535 Salimbene
1450 502 1492 534 de
1518 500 1618 535 Sistis
1642 503 1787 535 fictualis
1813 504 1891 535 dicti
1915 514 1986 536 mo-

112 559 133 575 '
170 563 318 602 misterii,
342 562 386 595 ab
410 562 476 595 alia
501 564 595 604 parte
620 563 745 595 dictum
772 565 1011 596 monasterium
1038 563 1070 597 S.
1097 564 1196 603 Petri,
1221 564 1264 596 ab
1289 564 1365 596 aliis
1390 565 1544 605 partibus
1569 565 1745 597 tenebatur
1781 575 1840 607 per
1876 567 1985 599 dictos

111 622 137 653 ἕ
171 625 289 659 fratres
321 623 354 658 S.
391 623 584 667 Augustini,
610 626 652 658 de
677 635 746 667 quo
772 626 822 658 Fr.
849 626 989 659 loannes
1025 627 1067 659 de
1105 625 1194 659 Sena
1230 627 1310 659 dicti
1347 626 1487 659 Ordinis
1523 627 1688 668 syndicus
1724 629 1755 660 et
1781 631 1986 669 procurator,

170 686 363 730 syndicario
387 688 419 719 et
443 688 674 728 procuratorio
700 689 834 720 nomine
860 689 1086 729 predictorum
1123 688 1260 728 Prioris,
1296 689 1434 721 fratrum
1471 691 1502 721 et
1539 687 1739 722 Conventus
1776 691 1986 723 eremitarum

112 754 137 793 {j
170 747 204 783 S.
228 747 409 790 Augustini
435 749 498 782 fuit
523 750 703 782 investitus
728 751 771 783 ad
797 751 947 792 quinque
984 760 1092 783 annos
1117 760 1159 783 ex
1196 753 1275 783 tunc
1312 752 1465 792 proxime
1502 751 1634 784 futuros
1671 761 1732 793 pro
1769 753 1846 785 ficto
1882 753 1986 785 dena-

107 797 129 841 f:
170 811 293 844 riorum
319 812 464 852 quatuor
488 812 660 844 annuatim
685 813 827 845 durante
853 814 944 845 dicta
969 813 1145 852 locatione,
1173 813 1347 845 reddendo
1371 813 1470 845 dictis
1496 812 1536 846 D.
1562 813 1698 853 Abbati,
1735 812 1920 847 Canonicis
1957 817 1988 848 et

103 893 113 916 v·
172 871 362 908 Conventui
387 883 447 915 per
471 874 729 907 instrumentum
755 876 934 908 locationis
958 876 1028 908 fieri
1055 878 1206 917 rogatum
1233 875 1332 908 Petro
1358 876 1399 908 de
1425 874 1638 909 Sclaffenatis
1663 877 1802 909 Notario
1828 877 1988 919 Papiensi

169 945 259 969 anno
283 945 384 969 curso
413 937 497 969 1354
521 937 576 969 die
602 938 622 969 7
647 938 775 970 mensis
801 938 973 970 Februarii
1000 939 1032 970 in
1059 938 1184 970 iudicio
1220 947 1332 970 coram
1370 939 1469 970 nobis
1506 939 1718 979 productum,
1755 941 1920 980 pertinere
1957 943 1988 973 et

169 999 322 1040 spectare
346 998 448 1040 pleno
474 999 543 1031 iure
568 999 611 1032 ad
636 1000 747 1032 dIctos
772 999 813 1032 D.
839 999 1018 1039 Abbatem,
1044 998 1238 1033 Canonicos
1263 1002 1295 1032 et
1320 1002 1524 1033 conventum
1551 1002 1744 1034 monasterii
1770 1000 1802 1034 S.
1830 1001 1929 1041 Petri,
1955 1005 1987 1035 et

168 1060 295 1094 dictum
321 1070 435 1095 eorum
461 1062 641 1103 syndicum
667 1064 699 1094 et
723 1064 975 1103 procuratorem
1001 1072 1116 1094 eorum
1142 1063 1287 1101 nomine,
1313 1063 1476 1103 ipsosque
1502 1062 1661 1102 Priorem,
1698 1063 1816 1096 fratres
1842 1066 1874 1096 et
1899 1063 1989 1098 Con-

169 1124 306 1156 ventum
331 1124 543 1156 eremitarum
568 1123 601 1157 S.
627 1124 820 1166 Augustini,
846 1127 876 1157 et
901 1125 1027 1157 dictum
1053 1134 1167 1157 eorum
1193 1125 1373 1166 syndicum
1391 1127 1422 1157 et
1439 1128 1689 1166 procuratorem
1720 1135 1834 1158 eorum
1854 1128 1987 1160 nomine

99 1191 131 1231 κζ
169 1186 435 1219 condemnamus
460 1188 493 1219 et
517 1187 762 1219 condemnatos
787 1188 819 1219 in
846 1188 898 1220 his
923 1188 1060 1228 scriptis
1084 1187 1298 1219 declaramus
1323 1188 1366 1219 ad
1392 1188 1626 1220 dimittendum
1651 1190 1682 1221 et
1706 1189 1928 1221 relaxandum
1955 1192 1988 1222 et

101 1241 127 1292 ξ..
169 1248 441 1290 consignandum
466 1249 592 1281 dictum
618 1249 770 1282 sedimen
796 1259 871 1282 cum
897 1249 1056 1282 omnibus
1089 1250 1161 1282 suis
1198 1249 1327 1282 iuribus
1353 1251 1384 1282 et
1410 1250 1618 1291 pertinentiis
1643 1251 1742 1283 dictis
1775 1250 1815 1283 D.
1853 1251 1988 1291 Abbati,

98 1311 109 1344 ’ἓ
169 1308 353 1344 Canonicis
389 1312 422 1343 et
457 1309 661 1351 Conventui,
687 1313 718 1344 et
750 1312 841 1344 dicto
877 1321 992 1344 eorum
1029 1312 1174 1353 syndico
1199 1314 1230 1344 et
1255 1312 1463 1353 procuratori
1501 1321 1615 1344 eorum
1652 1314 1797 1346 nomine.
1824 1313 1876 1346 Ab
1912 1314 1988 1347 aliis

169 1374 281 1406 autem
306 1374 338 1406 in
364 1374 454 1406 dicta
478 1374 641 1415 petitione
666 1375 833 1407 contentis
872 1374 982 1407 dictos
1019 1373 1179 1413 Priorem,
1216 1373 1347 1406 Fratres
1372 1376 1404 1407 et
1429 1373 1642 1407 Conventum
1668 1374 1701 1408 S.
1728 1375 1919 1417 Augustini,
1958 1379 1989 1409 et

95 1450 104 1471 2,
169 1434 297 1468 dictum
322 1444 437 1468 eorum
474 1436 652 1478 syndicum
677 1438 710 1469 et
734 1438 984 1478 procuratorem
1021 1445 1136 1469 eorum
1174 1437 1307 1468 nomine
1345 1437 1567 1476 absolvimus,
1593 1439 1625 1469 et
1650 1438 1829 1470 absolutos
1867 1439 1898 1470 in
1936 1439 1989 1471 his

168 1498 305 1539 scriptis
330 1499 544 1531 decernimus
569 1501 601 1531 et
626 1499 850 1531 declaramus.

257 1558 367 1602 Super
391 1561 544 1593 secunda
570 1561 731 1602 petitione
756 1561 870 1594 oblata
895 1570 956 1603 per
979 1561 1090 1594 dictos
1116 1560 1276 1600 Priorem,
1314 1561 1447 1594 Fratres
1472 1563 1504 1594 et
1529 1559 1742 1594 Conventum
1779 1563 1989 1594 eremitarum

90 1622 117 1662 ’ς
168 1620 202 1656 S.
226 1621 419 1664 Augustini,
444 1631 505 1656 seu
530 1632 644 1656 eorum
681 1623 859 1665 syndicum
884 1626 917 1656 et
941 1625 1192 1665 procuratorem
1230 1633 1345 1656 eorum
1382 1624 1576 1665 syndicario
1605 1626 1636 1656 et
1664 1625 1894 1665 procuratorio
1931 1634 1991 1657 no—

36 1670 37 1677 *
91 1677 104 1720 2.
169 1685 258 1717 mine
282 1685 450 1718 adversus
474 1687 506 1718 et
531 1687 647 1718 contra
672 1686 844 1727 predictos
869 1685 909 1718 D.
936 1685 1115 1725 Abbatem,
1133 1684 1328 1719 Canonicos
1346 1687 1377 1718 et
1394 1684 1608 1719 Conventum
1635 1687 1827 1719 monasterii
1846 1686 1878 1720 S.
1898 1687 1986 1720 Petri

171 1755 232 1780 seu
257 1747 383 1780 dictum
408 1757 523 1780 eorum
549 1749 729 1790 syndicum
754 1750 787 1781 et
811 1751 1062 1790 procuratorem
1091 1758 1207 1781 eorum
1233 1748 1427 1790 syndicario
1459 1751 1491 1781 et
1516 1750 1749 1790 procuratorio
1786 1750 1932 1789 nomine,
1958 1751 1990 1782 in

168 1818 210 1842 eo
234 1811 266 1842 et
290 1818 394 1851 super
417 1819 469 1850 e0,
494 1811 586 1852 quod
612 1811 691 1844 dicti
716 1811 823 1852 Prior,
847 1811 981 1844 Fratres
1005 1813 1037 1844 et
1061 1809 1261 1844 Conventus
1279 1812 1490 1843 eremitarum
1516 1809 1549 1844 S.
1575 1810 1767 1853 Augustini,
1793 1820 1852 1844 seu
1879 1812 1991 1845 dictus

168 1880 285 1909 eorum
310 1873 475 1915 syndicus
499 1875 532 1907 et
556 1876 765 1916 procurator,
790 1884 904 1907 eorum
930 1875 1065 1906 nomine
1089 1874 1208 1915 petivit
1233 1874 1266 1906 in
1291 1874 1382 1906 dicta
1406 1874 1558 1907 secunda
1583 1874 1744 1915 petitione
1781 1875 1990 1916 pronuntiari

169 1935 204 1969 et
227 1935 388 1968 declarari
414 1936 539 1969 debere
564 1937 675 1970 dictos
699 1935 740 1969 D.
766 1936 946 1976 Abbatem,
971 1935 1167 1970 Canonicos
1192 1938 1224 1969 et
1249 1934 1462 1969 Conventum
1481 1935 1514 1969 S.
1533 1935 1633 1975 Petri,
1651 1945 1712 1969 seu
1731 1937 1857 1969 dictum
1876 1946 1990 1969 eorum

132 1979 143 1990 ⁹
169 1997 349 2039 syndicum
374 1985 412 2031 et'
430 2001 682 2040 procuratorem
708 2008 822 2032 eorum
848 1999 1041 2041 syndicario
1066 2000 1099 2031 et
1123 1999 1354 2040 procuratorio
1379 1999 1525 2038 nomine,
1551 1999 1719 2031 cecidisse
1737 2008 1756 2031 a
1774 2008 1991 2040 quocumque

36 2069 37 2072 ¹
89 2057 117 2106 'J
170 2059 241 2095 iure
265 2060 330 2093 sibi
355 2049 560 2103 competenti
586 2062 619 2093 in
644 2062 733 2094 dicta
759 2061 913 2095 Ecclesia
937 2063 970 2094 et
994 2062 1090 2103 ipsos
1115 2060 1156 2093 D.
1182 2060 1360 2100 Abbatem,
1386 2059 1579 2094 Canonicos
1605 2063 1636 2093 et
1662 2059 1887 2101 Conventum,
1921 2062 1992 2094 dic-

91 2110 128 2144 s·
170 2123 311 2164 tumque
334 2133 450 2156 eorum
474 2124 654 2166 syndicum
680 2126 712 2157 et
736 2127 986 2166 procuratorem
1011 2133 1126 2157 eorum
1152 2118 1286 2156 nomine
1312 2124 1344 2156 in
1370 2124 1488 2156 eadem
1514 2123 1668 2156 Ecclesia
1701 2124 1828 2156 nullum
1855 2125 1907 2157 ius
1933 2125 1992 2157 ha-

172 2184 261 2225 bere,
285 2187 317 2218 et
342 2186 452 2228 ipsam
478 2186 664 2220 Ecclesiam
690 2196 764 2220 cum
790 2188 949 2220 omnibus
974 2188 1046 2220 suis
1072 2187 1202 2219 iuribus
1227 2188 1259 2219 et
1283 2187 1495 2228 pertinentiis
1520 2187 1684 2228 pertinere
1710 2188 1742 2219 et
1767 2188 1921 2228 spectare
1947 2187 1990 2219 ad

171 2247 282 2281 dictos
307 2247 468 2289 Priorem,
494 2249 627 2282 Fratres
651 2251 683 2282 et
708 2248 923 2283 Conventum
942 2249 1186 2282 Heremitarum
1205 2248 1238 2282 S.
1257 2249 1437 2291 Augustini
1456 2251 1530 2282 etc.:
1549 2248 1714 2288 Dicimus,
1732 2250 1990 2290 pronuntiamus

87 2300 126 2331 *s
171 2311 204 2342 et
228 2311 261 2342 in
287 2311 340 2343 his
364 2312 500 2353 scriptis
525 2312 769 2345 sententialiter
793 2312 1007 2345 declaramus
1031 2312 1156 2344 dictam
1181 2311 1368 2344 Ecclesiam
1394 2321 1470 2344 cum
1500 2312 1658 2344 omnibus
1684 2312 1757 2344 suis
1793 2312 1922 2344 iuribus
1959 2314 1991 2344 et

171 2373 382 2414 pertinentiis
407 2373 509 2415 pleno
534 2375 604 2407 lure
629 2377 784 2416 spectare
809 2376 841 2407 et
866 2375 1031 2416 pertinere
1056 2374 1099 2407 ad
1125 2374 1234 2407 dictos
1252 2373 1292 2406 D.
1311 2373 1490 2413 Abbatem,
1508 2372 1704 2406 Canonicos
1721 2375 1754 2406 et
1776 2372 1990 2407 Conventum

173 2435 366 2468 monasterii
404 2434 437 2469 S.
470 2435 559 2469 Petri
585 2438 616 2469 et
652 2436 778 2469 dictum
815 2445 930 2469 eorum
967 2436 1147 2478 syndicum
1173 2438 1204 2469 et
1229 2437 1480 2478 procuratorem
1517 2445 1631 2468 eorum
1669 2436 1813 2475 nomine,
1838 2437 1870 2468 et
1895 2436 1991 2477 ipsos

140 2525 147 2531 .
173 2494 332 2537 Priorem,
373 2497 505 2531 Fratres
530 2500 563 2531 et
587 2494 801 2532 Conventum
837 2499 1048 2532 eremitarum
1074 2497 1108 2532 S.
1145 2497 1337 2540 Augustini,
1373 2499 1405 2530 et
1440 2498 1566 2530 dictum
1592 2507 1706 2530 eorum
1743 2498 1922 2540 syndicum
1960 2499 1991 2530 et

173 2562 424 2600 procuratorem
449 2570 565 2594 eorum
591 2562 737 2601 nomine,
762 2562 794 2593 in
820 2561 975 2595 Ecclesia
999 2561 1074 2603 ipsa
1099 2560 1227 2593 nullum
1254 2561 1307 2593 ius
1333 2561 1468 2600 habere,
1494 2561 1557 2592 nisi
1584 2560 1615 2592 in
1641 2562 1803 2601 quantum
1822 2560 1887 2592 sibi
1911 2569 1992 2593 con-

173 2629 309 2655 cessum
334 2625 387 2656 est
411 2625 443 2656 et
468 2624 668 2665 exprimitur
691 2624 724 2656 in
750 2623 928 2666 privilegio
953 2624 1130 2665 sepedicto
1155 2624 1211 2665 pie
1237 2632 1333 2656 mern.
1370 2621 1532 2656 Sanctiss.
1571 2623 1603 2654 in
1640 2621 1776 2655 Christo
1813 2622 1923 2655 Patris
1959 2625 1992 2656 et

173 2682 248 2717 DD.
274 2684 432 2718 Iohannis
457 2685 550 2728 Pape
575 2685 675 2726 XXII,
700 2686 742 2719 de
766 2695 835 2727 quo
860 2695 964 2728 supra
989 2686 1078 2719 facta
1103 2688 1155 2719 est
1179 2695 1262 2727 sepe
1287 2686 1421 2725 mentio;
1447 2686 1491 2718 ab
1515 2685 1590 2718 aliis
1615 2687 1726 2718 autem
1753 2685 1784 2717 in
1815 2685 1905 2718 dicta
1930 2694 1990 2727 pe-

174 2746 291 2780 titione
315 2749 494 2788 contentis,
519 2749 615 2791 ipsos
640 2748 681 2781 D.
707 2748 884 2788 Abbatem,
910 2747 1105 2782 Canonicos
1130 2750 1162 2781 et
1186 2747 1400 2782 Conventum
1427 2748 1619 2780 monasterii
1646 2746 1679 2780 S.
1697 2747 1797 2787 Petri,
1816 2749 1848 2780 et
1865 2748 1991 2780 dictum

174 2817 291 2842 eorum
316 2811 496 2853 syndicum
521 2814 554 2844 et
578 2813 829 2854 procuratorem
855 2821 971 2844 eorum
997 2811 1191 2854 syndicario
1216 2813 1248 2844 et
1273 2811 1504 2852 procuratorio
1541 2811 1686 2850 nomine,
1722 2810 1934 2843 absolvimus
1960 2812 1993 2844 et

51 2872 72 2876 ”’
88 2859 123 2899 ⁴3⁹.
176 2871 370 2905 absolutum
395 2874 428 2906 in
453 2874 591 2916 scriptis
615 2874 831 2907 decernimus
856 2875 889 2906 et
913 2873 1138 2907 declaramus.

263 2933 317 2968 Ab
340 2937 503 2978 expensis
527 2938 638 2970 autern
664 2937 696 2969 in
723 2937 786 2969 hac
803 2945 907 2969 causa
923 2935 1032 2975 factis,
1051 2937 1226 2977 utramque
1245 2937 1373 2977 partem
1390 2935 1613 2974 absolvimus,
1631 2937 1663 2968 et
1680 2935 1858 2968 absotutas
1875 2935 1992 2968 decer-

176 2998 287 3031 nimus
312 3000 425 3040 partes
449 2999 587 3032 easdem
612 3001 644 3032 et
669 2999 780 3032 dictos
805 3008 920 3032 eorum
946 2999 1109 3040 syndicos
1134 3000 1166 3031 et
1190 3000 1427 3040 procuratores
1452 3007 1567 3031 eorum
1593 2998 1798 3038 nominibus,
1831 2999 1991 3040 quoniam

178 3061 367 3094 habuerunt
390 3062 513 3095 iustam
545 3071 683 3095 causam
721 3062 891 3104 litigandi:
928 3063 961 3094 et
986 3061 1030 3094 ita
1054 3061 1211 3100 dicimus,
1236 3061 1493 3100 sententiamus,
1529 3061 1799 3102 pronuntiamus,
1825 3063 1856 3094 et
1882 3061 1913 3093 in
1939 3061 1991 3093 his

176 3123 313 3165 scriptis
329 3133 389 3165 per
405 3123 491 3157 hanc
509 3126 659 3158 nostram
676 3124 884 3157 definitivam
903 3123 1103 3156 sententiam
1121 3122 1333 3156 declaramus
1351 3123 1383 3155 in
1401 3123 1560 3156 omnibus
1573 3124 1604 3156 et
1618 3132 1678 3165 per
1691 3123 1814 3163 omnia,
1830 3125 1864 3155 ut
1877 3131 1990 3164 supra.
