2496 3600
1946 245 2002 278 191

106 299 128 315 2
172 302 2028 320 Ἣ

155 352 158 354 *
194 366 308 400 volute
331 366 498 406 dicuntur,
522 368 660 408 propter
683 376 770 409 quas
794 368 836 401 lis
860 370 995 411 pendet,
1020 371 1158 412 propter
1181 379 1321 403 censum
1346 380 1413 403 non
1438 371 1586 404 solutum
1611 381 1631 405 a
1655 372 1716 405 XX
1740 375 1838 406 annis
1855 376 1936 408 citra
1953 377 2006 409 vel

193 429 292 468 circa,
317 428 350 460 in
375 428 494 461 eodem
519 430 609 461 statu
634 432 791 463 maneant
814 439 854 463 ac
878 431 906 464 si
932 440 1056 465 census
1081 433 1239 465 continue
1263 432 1385 466 fuisset
1409 433 1604 475 persolutus
1641 435 1803 476 predictis
1827 445 2009 477 supranar-

193 491 274 524 ratis
298 491 331 523 et
354 490 580 532 promissione
605 491 648 524 de
673 492 774 524 nichil
801 493 1012 534 impetrando
1037 495 1153 527 contra
1177 494 1268 527 dicta
1292 496 1392 536 pacta
1416 496 1449 528 et
1473 495 1703 537 impetracioni
1721 498 1953 530 renunciando
1978 501 2010 531 et

121 591 124 595 ,
192 553 269 587 aliis
303 553 597 595 prohibicionibus
632 563 672 587 ac
708 555 1014 589 constitucionibus
1049 557 1259 598 apostolicis,
1295 557 1483 600 privilegiis
1507 560 1540 591 et
1563 558 1640 592 aliis
1675 560 1850 592 contrariis
1887 561 2011 602 quibu-

110 657 117 664 *
139 612 141 614 ’
192 624 367 657 scumque,
391 616 424 648 et
448 616 683 657 cuiuscunque
718 618 844 650 tenoris
880 618 1038 658 existant,
1063 628 1278 660 nequaquam
1314 620 1542 660 obstantibus,
1567 622 1599 653 et
1623 621 1729 653 eciam
1754 630 1821 653 non
1854 622 2010 655 obstante

111 672 136 709 ,Ἴ
191 678 284 721 quod
308 687 414 711 causa
437 678 632 710 huiusmodi
658 679 743 712 inter
766 680 910 721 primum
946 680 1047 713 fatale
1073 690 1139 714 non
1177 681 1277 714 fuerit
1301 683 1486 722 terminata,
1511 684 1544 715 et
1568 684 1747 725 eapropter
1770 685 1943 716 asseratur
1966 685 2010 717 ab

191 739 364 782 aliquibus
389 740 460 773 fore
484 740 627 773 deserta.

1019 996 1176 1037 CVII.

278 1101 466 1132 Bonifacio
490 1102 538 1132 IX
563 1111 671 1133 cassa
695 1113 764 1133 una
788 1108 889 1142 parte
914 1105 1008 1134 della
1034 1109 1204 1135 sentenza
1229 1105 1286 1135 del
1310 1106 1478 1136 Vescovo
1503 1107 1539 1136 di
1563 1107 1690 1143 Pavia,
1717 1117 1736 1137 e
1761 1112 1950 1138 commette
1974 1108 2010 1137 1a

91 1155 101 1198 J
147 1155 150 1158 ’
191 1155 370 1185 revisione
395 1155 479 1185 dell’
495 1156 588 1186 altra
611 1161 713 1194 parte
738 1157 772 1186 al
797 1157 990 1187 Cardinale
1015 1158 1160 1188 Cosirno
1185 1159 1394 1196 Migliorati.

861 1280 1014 1314 1394,
1042 1282 1244 1315 aprile,
1274 1283 1328 1308 ³7.

520 1377 599 1402 (Arcu.
615 1377 638 1399 di
653 1378 730 1404 Stato,
745 1377 834 1400 Milano
849 1389 875 1393 —
889 1377 912 1400 S.
929 1377 1009 1401 Pietro
1023 1378 1045 1400 in
1060 1378 1109 1401 Clel
1124 1379 1147 1400 d’
1156 1385 1206 1406 oro,
1222 1379 1292 1402 Libro
1307 1379 1394 1407 Rosso,
1410 1379 1449 1402 iol.
1467 1380 1505 1402 133
1519 1386 1541 1402 ν.
1556 1390 1565 1395 -
1582 1380 1620 1403 139
1634 1380 1670 1406 ιη).

264 1569 365 1688 B
433 1591 631 1620 ONlFAClUS
655 1588 840 1629 episcopus
864 1596 986 1620 servus
1011 1596 1186 1620 servorum
1211 1586 1273 1620 Dei
1298 1587 1422 1620 dilecto
1445 1587 1515 1620 filio
1532 1585 1696 1620 Cosmato
1713 1584 1764 1628 (1)
1789 1587 1874 1620 tituli
1893 1588 2008 1620 sancte

455 1648 576 1683 Crucis
591 1650 623 1682 in
642 1649 852 1682 Hierusalem
867 1649 1056 1691 presbitero
1073 1647 1257 1689 Cardinali,
1275 1648 1423 1682 Salutem
1438 1650 1470 1682 et
1483 1649 1705 1690 apostolicam
1724 1649 2005 1682 benedictionem.

455 1710 507 1743 Ad
532 1720 583 1750 ea,
608 1720 669 1753 per
692 1720 758 1752 que
784 1711 892 1744 litium
917 1711 1100 1743 amfractus
1125 1711 1340 1752 potissimum
1367 1711 1451 1744 inter
1476 1719 1642 1753 personas
1678 1720 1773 1744 sacre
1797 1711 1931 1744 deditas
1956 1720 2007 1743 re-

187 1773 302 1816 ligioni
327 1774 513 1807 noscuntur
538 1774 744 1806 summoveri
769 1775 802 1806 et
827 1773 946 1815 religio
983 1774 1174 1815 propagari,
1199 1783 1238 1806 ac
1262 1782 1407 1815 persone
1424 1774 1498 1815 ipse
1522 1773 1565 1806 ad
1591 1782 1709 1815 pacem
1734 1775 1766 1806 et
1790 1773 2005 1806 concordiam

185 1835 320 1875 deduci,
344 1836 440 1877 pacis
465 1835 670 1868 concedente
695 1836 822 1875 datore,
847 1836 991 1877 possint,
1016 1835 1158 1868 libenter
1180 1837 1361 1868 annuimus
1385 1837 1416 1868 et
1441 1835 1598 1868 volumus
1623 1835 1829 1868 favorabiles
1854 1836 2006 1868 inveniri.

186 1897 313 1931 Ibidem
338 1898 506 1940 siquidem
543 1898 652 1931 felicis
689 1898 934 1931 recordationis
971 1897 1137 1931 lohannes
1174 1897 1268 1940 Papa
1300 1898 1388 1930 XXll
1414 1898 1638 1940 predecessor
1661 1900 1776 1931 noster
1800 1898 1842 1931 de
1868 1898 2005 1931 fratrum

185 1969 323 1994 suorum
360 1959 514 1994 Consilio
550 1961 747 1994 auctoritate
783 1960 973 2002 apostolica
997 1970 1058 2002 per
1082 1969 1164 1993 suas
1200 1961 1328 1993 litteras
1364 1961 1480 1993 statuit
1504 1969 1543 1993 ac
1570 1961 1669 1993 etiam
1705 1961 1874 1993 ordinavit
1910 1961 2001 2002 quod

185 2023 306 2056 fratres
331 2022 470 2057 Ordinis
496 2023 739 2056 Heremitarum
776 2024 884 2056 sancti
910 2022 1102 2065 Augustini,
1135 2023 1262 2064 quibus
1291 2023 1396 2065 presit
1420 2022 1516 2056 Prior
1540 2023 1727 2056 secundum
1753 2023 2005 2070 observantiam

185 2085 295 2128 ipsius
320 2085 459 2119 Ordinis
495 2086 586 2127 apud
623 2085 804 2118 ecclesiam
841 2086 1034 2118 monasterii
1060 2086 1167 2118 sancti
1204 2084 1351 2118 Petri'in
1377 2085 1451 2118 celo
1475 2094 1578 2118 aureo
1603 2085 1790 2127 papiensis,
1814 2086 1867 2118 cui
1893 2087 2006 2127 preest

184 2147 302 2181 Abbas
326 2150 358 2182 et
382 2150 573 2181 conventus
598 2146 848 2181 Canonicorum
874 2147 1090 2190 Regularium
1115 2147 1254 2181 Ordinis
1278 2148 1358 2180 dicti
1384 2148 1492 2180 sancti
1518 2147 1698 2189 Augustini
1728 2148 1827 2180 etiam
1845 2148 1873 2180 si
1892 2148 2004 2189 ipsum

186 2211 426 2244 monasterium
451 2211 494 2243 ad
520 2210 706 2245 Romanam
731 2210 918 2243 Ecclesiam
944 2210 1036 2243 nullo
1061 2211 1173 2243 medio
1199 2211 1388 2252 pertineret,
1414 2211 1447 2243 in
1472 2219 1540 2252 qua
1576 2210 1712 2251 quidem
1753 2210 1898 2243 ecclesia
1923 2210 2004 2243 dicti

186 2274 379 2307 monasterii
405 2282 539 2306 sacrum
565 2282 691 2315 corpus
716 2273 869 2306 eiusdem
894 2273 1003 2306 sancti
1028 2273 1221 2306 conservari
1251 2273 1445 2306 solemniter
1461 2274 1492 2305 et
1509 2272 1707 2305 tumulatum
1732 2272 1803 2305 fore
1816 2273 2003 2311 dicebatur,

187 2337 288 2378 prout
311 2336 444 2376 dicitur,
470 2337 570 2377 prout
595 2336 725 2368 eisdem
751 2334 858 2368 Priori
884 2337 916 2368 et
940 2335 1100 2368 fratribus
1125 2335 1295 2368 videretur
1319 2335 1480 2377 expedire
1506 2336 1539 2368 et
1563 2335 1740 2367 commode
1776 2335 1846 2367 fieri
1883 2337 2002 2376 posset

183 2407 292 2440 usque
317 2398 360 2431 ad
387 2398 659 2440 vigintiquinque
684 2398 737 2431 vel
762 2398 898 2440 triginta
923 2407 1098 2430 numerum
1122 2398 1165 2430 ad
1191 2398 1302 2430 minus
1327 2398 1489 2430 deberent
1513 2397 1649 2430 insimul
1683 2398 1856 2439 perpetuis
1881 2397 2002 2430 futuris

183 2460 394 2502 temporibus
419 2460 582 2500 habitare,
607 2460 768 2502 quodque
794 2459 890 2493 Prior
913 2458 1092 2493 Generalis
1123 2460 1235 2493 dictos
1259 2460 1379 2493 fratres
1415 2460 1569 2493 eiusdem
1594 2458 1734 2492 Ordinis
1759 2459 2002 2492 Heremitarum

182 2522 307 2556 ibidem
333 2531 442 2564 usque
466 2523 510 2556 ad
535 2523 680 2555 eundem
705 2531 880 2555 numerum
916 2524 1085 2555 teneretur
1117 2522 1280 2564 deputare
1305 2522 1363 2563 qui
1395 2521 1505 2554 forent
1540 2523 1627 2554 etate
1664 2522 1782 2554 maturi
1819 2521 2001 2554 litterarum

182 2585 325 2619 scientia
349 2585 470 2627 prediti
495 2587 527 2618 et
551 2585 693 2618 honesta
718 2585 975 2618 conversatione
1000 2585 1126 2624 decori,
1151 2585 1402 2618 remanentibus
1419 2586 1530 2617 tamen
1555 2584 1678 2617 abbate
1703 2593 1764 2626 pro
1789 2586 1868 2616 tunc
1893 2586 1924 2616 et
1949 2584 2000 2616 di-

182 2647 279 2681 lectis
302 2647 381 2681 filiis
407 2650 597 2681 conventus
621 2647 702 2680 dicti
728 2648 934 2687 monasterii,
959 2649 1059 2689 prout
1084 2647 1149 2689 ipsi
1176 2647 1374 2680 invenerant
1398 2647 1430 2679 in
1456 2647 1661 2679 monasterio
1694 2646 1860 2688 prelibato
1885 2648 1917 2679 et
1941 2647 2003 2679 hu-

182 2710 328 2743 iusmodi
352 2710 490 2743 fratrum
517 2710 680 2743 habitatio
704 2710 964 2743 constitueretur
988 2710 1021 2742 in
1046 2709 1122 2742 loco
1146 2709 1278 2742 decenti
1304 2710 1398 2742 iuxta
1423 2709 1565 2741 eandem
1591 2708 1769 2741 ecclesiam
1806 2709 1999 2742 monasterii

181 2772 340 2806 antedicti
366 2774 399 2806 et
423 2773 468 2806 ab
493 2772 647 2805 eiusdem
671 2771 816 2805 Abbatis
841 2774 873 2805 et
897 2772 1095 2804 dilectorum
1119 2771 1264 2804 filiorum
1289 2769 1539 2804 Canonicorum
1563 2771 1644 2803 dicti
1670 2771 1865 2804 monasterii
1903 2771 1999 2804 habi-

179 2835 366 2868 tationibus
390 2837 482 2868 esset
505 2835 653 2868 discreta
677 2836 709 2868 et
732 2835 842 2868 taliter
877 2835 1115 2876 disponeretur
1150 2834 1242 2876 quod
1279 2834 1344 2876 ipsi
1381 2833 1514 2866 Fratres
1545 2834 1688 2866 eandem
1713 2833 1893 2867 ecclesiam
1918 2833 1998 2867 dicti

181 2897 375 2931 monasterii
399 2906 461 2940 per
484 2897 584 2931 aliam
608 2898 739 2939 portam
764 2897 806 2930 de
830 2906 921 2930 novo
944 2896 1135 2930 faciendam
1160 2896 1289 2938 ingredi
1314 2898 1346 2929 et
1370 2895 1484 2938 egredi
1510 2895 1660 2929 valerent
1684 2904 1724 2928 ac
1749 2896 1781 2928 in
1799 2895 1919 2929 eadem
1943 2905 1999 2929 ec-

179 2959 282 2994 clesia
306 2969 384 2994 cum
409 2961 510 2994 dictis
535 2959 668 2994 Abbate
693 2962 726 2994 et
749 2958 934 2994 Canonicis
970 2959 1065 2992 iuxta
1089 2958 1226 2991 modum
1252 2959 1284 2991 in
1310 2958 1439 2992 eisdem
1476 2957 1595 2991 litteris
1632 2958 1846 3001 designatum
1871 2958 1997 2991 divinis

234 3117 265 3144 (l)
279 3111 298 3141 Ε
311 3118 327 3141 il
340 3118 464 3142 carditule
477 3117 573 3142 cosimo
587 3118 724 3147 Migllorntl,
738 3118 762 3141 dl
777 3118 814 3142 cul
829 3118 882 3141 vedl
896 3118 956 3141 nelle
970 3119 1025 3141 note
1039 3118 1061 3140 al
1115 3117 1168 3140 doc.
1183 3123 1206 3140 n.
1222 3116 1299 3140 xcm.
