2496 3600
502 135 566 172 120

496 271 669 312 sponderi.
695 269 806 314 Super
829 271 895 305 alia
920 281 1002 305 vero
1026 274 1121 314 parte
1146 280 1262 304 eorum
1295 271 1558 313 supplicationis
1583 271 1746 314 predicte,
1781 271 1941 306 volumus
1976 272 2070 315 quod
2105 273 2207 307 dictis
2242 273 2323 308 Fra-

493 333 603 366 tribus
627 342 688 366 seu
713 334 923 376 procuratori
948 343 1064 367 eorum
1089 333 1197 367 facias
1221 335 1253 366 et
1277 333 1348 366 fieri
1374 332 1480 366 facias
1504 334 1622 367 contra
1638 333 1716 367 illos
1732 335 1789 367 tue
1813 333 2039 368 iurisdictioni
2075 335 2277 378 suppositos
2299 344 2321 370 a

493 394 620 436 quibus
645 395 725 429 dicti
751 395 885 429 Fratres
910 396 1035 428 habere
1059 395 1185 428 debent
1210 396 1310 437 prout
1335 394 1367 427 in
1392 394 1484 428 dicta
1507 403 1624 428 eorum
1649 395 1900 438 supplicatione
1925 396 2126 437 continetur,
2150 397 2205 431 ius
2228 405 2322 431 sum-

493 457 634 490 marium
671 459 703 490 et
728 458 926 500 expeditum
957 459 1121 499 quantum
1158 458 1258 499 potes
1293 465 1370 490 cum
1407 457 1534 490 honore
1571 459 1698 497 nostro,
1734 457 2010 492 cavillationibus
2045 459 2321 502 quibuscumque

492 520 720 553 cessantibus.
739 519 815 553 Dat.
834 519 939 562 Papie
964 519 1019 552 die
1044 519 1198 552 secundo
1223 518 1431 552 novembris.
1455 518 1483 552 A
1509 520 1622 561 tergo:
1645 519 1760 552 Nobili
1789 519 1863 553 viro
1887 518 2051 554 Potestati
2069 522 2186 555 nostro
2201 520 2319 565 Papie,

583 582 623 615 Et
648 583 746 616 cuius
772 583 860 616 dicte
886 582 1006 615 cedule
1031 583 1128 615 tenor
1152 582 1252 615 etiam
1277 581 1432 624 sequitur
1456 581 1489 614 in
1515 582 1578 615 hac
1602 581 1728 616 forma:

582 645 766 688 Magnifice
791 647 823 678 et
848 645 985 678 excelse
1011 643 1241 678 Dominationi
1267 643 1386 678 Vestre
1411 644 1625 687 supplicatur
1640 654 1702 687 pro
1719 647 1814 688 parte
1838 654 2027 688 pauperum
2051 645 2203 681 Fratrum
2228 645 2320 682 Con-
2388 620 2409 646 ’γ’-

493 710 618 741 ventus
643 706 757 741 Sancti
784 707 966 750 Augustini
991 707 1034 740 de
1059 706 1178 749 Papia,
1195 707 1288 749 quod
1306 715 1383 740 cum
1409 716 1470 749 per
1493 706 1731 741 excellentiam
1756 710 1905 742 vestram
1921 707 2022 742 fuerit
2038 709 2235 743 mandatum
2252 708 2320 744 Po·

489 771 602 803 testati
630 772 662 803 et
687 769 909 812 Sapientibus
934 770 1083 803 civitatis
1108 771 1220 803 vestre
1251 768 1357 812 Papie
1383 771 1418 803 ut
1443 771 1535 812 patet
1560 770 1593 803 in
1617 769 1684 804 tine
1719 770 1899 804 cuiusdam
1934 770 2109 813 petitionis
2143 781 2205 815 per
2239 771 2320 807 Fra·
2371 785 2373 790 ⁴

488 835 557 866 tres
583 835 774 866 conventus
800 831 915 866 Sancti
941 831 1123 875 Augustini
1160 831 1278 874 Papie,
1303 832 1404 866 vobis
1444 832 1568 873 oblate,
1593 833 1698 875 quod,
1730 833 1759 866 si
1792 834 1954 867 statutum
1989 835 2061 868 erat
2084 836 2118 868 et
2141 834 2221 868 olim
2255 834 2319 871 fuit

488 898 689 928 consuetum
715 896 786 928 dari
813 896 899 937 ipsis
923 895 1084 928 fratribus
1109 895 1356 937 prenominatis
1380 895 1471 928 omni
1496 904 1586 928 anno
1610 895 1653 928 de
1677 904 1779 929 avere
1803 893 1970 930 Comunis
2006 895 2113 940 Papie
2148 897 2320 941 quinqua·

487 958 580 1000 ginta
605 958 710 991 libras
735 958 921 1000 papienses
946 958 979 990 in
1004 957 1092 991 festo
1117 957 1356 1000 gloriosissimi
1382 957 1534 991 doctoris
1557 956 1751 1001 Augustini,
1775 958 1818 991 de
1836 958 1989 1001 predicta
2021 959 2170 1002 pecunia
2186 960 2317 994 eisdem

488 1020 672 1061 Fratribus,
697 1030 758 1062 per
782 1020 934 1063 prefatos
959 1020 1167 1054 Potestatem
1192 1022 1225 1053 et
1249 1018 1430 1062 Sapientes
1455 1020 1692 1062 provideretur
1722 1021 1895 1054 annuatim
1921 1023 1954 1055 et
1977 1031 2039 1064 per
2062 1022 2160 1065 ipsos
2183 1021 2318 1059 Fratres
2366 1012 2392 1059 ss.

487 1083 530 1115 ad
547 1083 716 1116 banchum
743 1083 866 1116 Vicarii
892 1082 1077 1117 Potestatis
1102 1082 1208 1126 Papie
1233 1082 1333 1116 fuerit
1356 1082 1533 1116 evidenter
1556 1083 1736 1125 probatum
1760 1083 1868 1117 tuisse
1886 1086 2048 1118 statutum
2065 1086 2099 1118 et
2114 1086 2317 1119 consuetum

487 1146 571 1186 dari,
590 1155 633 1179 ex
651 1155 692 1179 eo
717 1146 809 1188 quod
836 1146 951 1179 multis
975 1146 1111 1179 vicibus
1136 1147 1336 1188 receperunt
1360 1146 1548 1188 predictam
1573 1146 1804 1188 provisionem
1829 1155 1849 1180 a
1873 1147 2061 1180 tesaurario
2077 1147 2135 1190 qui
2153 1156 2216 1190 pro
2231 1149 2318 1183 teru-

486 1218 569 1250 pore
594 1211 675 1249 erat,
701 1211 736 1242 ut
761 1209 804 1242 de
829 1209 893 1242 hoc
919 1211 1061 1251 apparet
1086 1209 1226 1251 publico
1251 1209 1492 1242 instrumento:
1518 1208 1597 1242 ideo
1621 1208 1743 1242 intuitu
1768 1209 2000 1243 misericordie
2025 1211 2059 1244 et
2082 1210 2230 1252 pietatis,
2257 1219 2323 1258 ve(
2370 1223 2379 1263 j

486 1273 554 1304 stre
580 1272 774 1305 celsitudini
800 1272 934 1314 placeat
958 1272 1115 1305 reiterato
1139 1272 1300 1305 mandare
1325 1271 1489 1314 predictis
1513 1270 1678 1305 Potestati
1703 1273 1736 1305 et
1760 1270 1992 1315 Sapientibus,
2024 1275 2194 1316 quatenus
2217 1273 2320 1311 induq
2371 1287 2382 1303 ,-

491 1334 637 1367 bitanter
661 1335 814 1377 predicta
839 1335 1003 1376 provisio,
1029 1335 1061 1367 in
1086 1334 1174 1368 festo
1199 1334 1445 1376 suprascripto,
1477 1334 1722 1376 prenominatis
1739 1333 1924 1375 Fratribus,
1940 1335 2085 1369 fideliter
2111 1336 2316 1379 assignetur.
2371 1335 2374 1347 ²

578 1397 657 1430 Item
684 1407 760 1430 cum
786 1398 929 1439 predicti
956 1397 1089 1430 Fratres
1114 1397 1181 1430 sint
1205 1397 1352 1430 totaliter
1375 1397 1466 1434 omni
1505 1396 1722 1430 amminiculo
1746 1406 1807 1430 seu
1832 1397 1961 1431 auxilio
1996 1399 2122 1432 civium
2157 1396 2317 1433 Civitatis

484 1458 591 1501 Papie
615 1460 778 1500 destituti,
793 1462 828 1492 ut
853 1460 941 1493 clare
966 1460 1126 1493 omnibus
1151 1459 1332 1493 innotescit
1355 1456 1418 1500 (1),
1436 1461 1468 1493 et
1492 1459 1602 1492 solum
1628 1460 1661 1492 in
1686 1459 1787 1493 vobis
1804 1461 1924 1503 gerunt
1939 1460 2099 1494 fiduciam
2121 1460 2316 1503 specialem,
2369 1450 2391 1500 ἶ

485 1523 563 1555 ideo
587 1523 773 1565 dignemini
792 1532 852 1565 per
869 1523 996 1556 litteras
1022 1524 1154 1556 vestras
1171 1522 1339 1565 speciales
1363 1522 1537 1564 precipere
1562 1521 1726 1556 Potestati
1743 1524 1777 1556 et
1793 1523 1868 1556 eius
1885 1522 2018 1556 Vicario
2035 1521 2193 1558 Civitatis
2209 1522 2317 1567 Papie
2370 1516 2396 1555 {i

485 1588 655 1627 quatenus
680 1586 722 1618 de
747 1585 868 1628 legatis
893 1586 926 1618 in
951 1586 1162 1618 testamentis
1187 1586 1312 1618 civium
1338 1585 1486 1618 civitatis
1510 1584 1627 1628 Papie,
1663 1586 1738 1618 sive
1761 1585 1903 1619 aliorum
1939 1586 2214 1629 quibuscumque
2248 1585 2318 1621 fra-
2339 1587 2342 1589 ’

483 1649 594 1682 tribus
618 1649 760 1690 predicti
786 1650 975 1681 conventus
1000 1646 1115 1681 Sancti
1141 1647 1334 1690 Augustini,
1359 1657 1426 1681 non
1451 1648 1573 1681 intuitu
1598 1648 1743 1681 alicuius
1767 1648 1898 1690 private
1926 1657 2084 1691 persone,
2118 1649 2163 1682 ab
2186 1646 2317 1683 Ordine

486 1713 652 1753 perpetuo
676 1711 835 1744 damnate
860 1708 923 1752 (2),
948 1713 981 1744 et
1005 1720 1072 1743 non
1098 1712 1214 1743 contra
1238 1712 1400 1744 statutum
1425 1719 1486 1744 seu
1511 1712 1638 1744 statuta
1661 1710 1786 1744 iactum
1811 1710 1864 1744 vel
1889 1710 1978 1744 facta
2002 1720 2062 1753 per
2085 1712 2232 1745 vestram
2244 1719 2318 1745 ma-

487 1774 714 1818 gnificentiam
740 1774 814 1807 sive
839 1774 1078 1807 comunitatem
1103 1774 1252 1807 civitatis
1277 1775 1390 1807 vestre
1414 1772 1531 1815 Papie,
1556 1773 1667 1807 facere
1691 1773 1839 1807 debeant
1855 1773 2016 1808 iustitiam
2033 1774 2215 1808 summarie
2241 1774 2316 1808 sine
2359 1794 2383 1815 1.

484 1838 628 1879 strepitu
654 1839 686 1870 et
709 1838 818 1879 figura
842 1837 968 1870 iudicii.
995 1837 1035 1870 Et
1060 1836 1274 1879 infrascripta
1299 1838 1378 1870 sunt
1402 1836 1530 1879 legata:
2376 1835 2384 1875 'f

576 1899 610 1932 ln
635 1900 754 1941 primis
779 1899 822 1932 ab
849 1900 1031 1932 heredibus
1056 1899 1130 1932 sive
1146 1899 1388 1932 executoribus
1412 1899 1585 1941 quondam
1610 1898 1652 1932 D.
1677 1897 1853 1933 Avancine
1885 1899 2004 1932 uxoris
2027 1899 2200 1941 quondam
2225 1896 2318 1935 Hen—
2362 1886 2375 1910 ⁵³

484 1963 606 2005 righeti
632 1960 710 1995 Gati
736 1962 841 1995 libras
865 1963 1051 1995 tercentum
1076 1962 1212 2004 triginta
1248 1962 1443 2003 papienses.
1480 1961 1559 1995 Item
1584 1961 1629 1994 ab
1653 1961 1838 1995 heredibus
1870 1961 2043 2004 quondam
2078 1959 2120 1994 D.
2157 1960 2316 1996 lacobine
2362 1982 2382 1995 »

484 2025 527 2058 de
553 2023 735 2066 Campixio
760 2025 878 2058 uxoris
902 2025 1076 2066 quondam
1102 2024 1252 2057 Federici
1277 2024 1319 2057 de
1345 2023 1591 2057 Mediisbarbis
1620 2023 1725 2057 libras
1754 2025 1889 2057 centum
1924 2023 2220 2066 quadragintatres
2254 2031 2318 2067 pa-

484 2089 633 2130 pienses.
671 2087 751 2121 ltem
777 2088 821 2121 ab
847 2088 1031 2121 heredibus
1067 2086 1108 2120 D.
1135 2087 1246 2120 lsolde
1282 2087 1401 2120 uxoris
1440 2085 1481 2120 D.
1507 2085 1657 2120 Simonis
1681 2087 1723 2120 de
1748 2084 1908 2129 Georgiis
1944 2086 2048 2120 libras
2083 2088 2219 2120 centum
2253 2094 2317 2130 pa-
2361 2074 2389 2130 Is

483 2151 632 2192 pienses.
670 2150 749 2183 Item
774 2159 794 2183 a
818 2149 860 2183 D.
898 2148 1035 2183 Simone
1061 2150 1103 2183 de
1129 2149 1327 2192 Burgondio
1352 2151 1385 2182 et
1409 2158 1429 2182 a
1453 2149 1637 2191 nepotibus
1669 2150 1754 2189 suis,
1791 2158 1858 2191 que
1894 2149 1995 2182 nobis
2030 2148 2158 2192 legavit
2181 2147 2223 2183 D.
2246 2147 2316 2184 Ca-
2357 2153 2375 2198 J

485 2213 618 2246 therina
643 2222 731 2245 uxor
755 2213 928 2254 quondam
954 2212 1091 2245 Martini
1117 2212 1159 2245 de
1185 2211 1378 2245 Orzonibus
1402 2212 1551 2245 florenos
1586 2211 1822 2255 trigintaduos.
1860 2210 1940 2245 item
1965 2211 2009 2244 ab
2033 2210 2210 2245 Albertino
2243 2211 2316 2246 filio

486 2275 637 2317 predicte
663 2275 799 2308 domine
823 2275 973 2308 florenos
998 2276 1145 2316 quatuor
1169 2284 1231 2316 pro
1256 2274 1356 2308 simili
1381 2283 1496 2307 causa.
1522 2273 1602 2307 item
1626 2274 1670 2307 ab
1695 2273 1880 2308 heredibus
1907 2273 2080 2316 quondam
2117 2272 2158 2307 D.
2195 2272 2315 2313 Rivete

486 2339 604 2371 uxoris
629 2338 803 2380 quondam
828 2337 870 2371 D.
896 2337 1078 2380 Augustini
1097 2338 1139 2370 de
1157 2337 1404 2383 Mediisbarbis
1421 2336 1526 2370 libras
1543 2336 1760 2379 septuaginta
1777 2337 1928 2380 quinque
1945 2336 2141 2378 papienses.
2173 2335 2253 2370 Item
2268 2335 2330 2375 ab*

491 2401 676 2435 heredibus
700 2400 873 2442 quondam
898 2399 939 2433 D.
965 2399 1203 2433 Bartholomee
1227 2399 1270 2433 de
1295 2398 1395 2433 Petra
1419 2408 1487 2441 que
1511 2399 1670 2432 manebat
1694 2399 1727 2432 in
1751 2399 1951 2441 Montepico
1975 2398 2080 2432 libras
2111 2384 2361 2448 quatescenss‘J

485 2465 555 2496 tum
581 2464 776 2505 papienses.
2293 2491 2297 2494 .
2318 2499 2323 2501 λ
2348 2447 2371 2502 J

575 2525 672 2565 Quas
696 2526 837 2568 quidem
863 2525 1002 2565 litteras,
1027 2535 1103 2558 cum
1129 2525 1379 2567 supplicatione
1404 2524 1558 2567 predicta
1581 2523 1714 2559 inclusa
1738 2524 1772 2558 in
1796 2524 1858 2564 eis,
1882 2523 1995 2557 dictus
2019 2522 2061 2557 D.
2078 2522 2239 2558 Potestas
2262 2531 2316 2558 re·-

486 2591 642 2622 verenter
667 2589 831 2630 suscepit,
856 2588 898 2621 de
924 2588 1088 2630 predictis
1112 2588 1234 2621 iubens
1258 2588 1329 2620 fieri
1355 2587 1531 2629 publicum
1557 2587 1829 2627 instrumentum,
1853 2586 2071 2629 presentibus
2095 2585 2220 2619 Perino
2242 2584 2322 2621 Da*
2339 2607 2353 2640 ,ζ-

488 2651 627 2691 mixano
651 2652 684 2684 et
708 2651 894 2686 Michelelo
919 2650 1102 2698 Pedegate
1117 2650 1196 2684 inde
1221 2650 1380 2684 testibus.
2327 2640 2329 2643 ’
2357 2694 2360 2700 Ι

577 2710 662 2755 Ego?
686 2713 933 2747 Lafranchinus
958 2714 1000 2746 de
1026 2712 1166 2747 Oltrana
1191 2713 1343 2746 notarius
1368 2710 1534 2746 Comunis
1569 2711 1676 2754 Papie
1700 2711 1744 2745 ad
1769 2710 1912 2748 consilia
1947 2711 2034 2744 hanc
2070 2712 2196 2745 cartam
2231 2709 2345 2747 nuni*
2361 2731 2366 2759 5

486 2777 557 2809 fieri
584 2777 712 2809 iussam
739 2777 873 2818 scripsi.
2327 2761 2363 2783 ’ἶ

545 2931 575 2957 (l)
590 2931 632 2954 Cio
647 2938 693 2953 non
707 2932 727 2954 si
742 2932 801 2954 deve
815 2934 880 2955 certo
894 2933 1018 2955 attribuite
1031 2933 1061 2955 ad
1076 2939 1107 2955 un
1122 2933 1319 2956 raflreddamento
1333 2933 1371 2955 del
1479 2932 1510 2959 (2)
1524 2931 1568 2958 Qui
1583 2931 1603 2954 si
1618 2931 1673 2954 vuol
1687 2930 1737 2953 dire
1751 2930 1794 2953 che
1807 2930 1814 2952 i
1829 2929 1939 2958 neugma!
1953 2930 2093 2957 agosnnianl
2107 2930 2218 2958 vogliono
2231 2923 2321 2954 ιισκὲῑ4
2336 2917 2355 2942 35-

492 2975 576 2999 Pavesi
591 2982 660 2998 verso
675 2977 689 2997 il
704 2978 786 2998 nostro
801 2977 938 3004 Convento;
953 2983 990 3000 rna
1005 2978 1123 3005 piuttosto
1144 2978 1189 3000 alle
1210 2978 1306 3000 terribili
1321 2983 1375 3000 con·
1428 2978 1498 3004 tenga
1512 2978 1583 2999 conto
1597 2976 1635 2998 del
1649 2975 1784 2998 testamenti
1794 2974 1846 2997 tatu
1861 2979 1903 3002 per
1917 2974 2010 3002 intrighi
2024 2980 2038 2997 e
2052 2975 2133 3002 brigne
2142 2975 2325 3003 privatam-⁷-

491 3021 587 3048 dizionl,
602 3021 644 3042 che
659 3022 756 3043 tennero
771 3021 847 3044 dietro
863 3022 908 3043 alla
924 3022 1034 3044 diuturna
1049 3028 1132 3050 guerra
1147 3022 1176 3044 ed
1191 3022 1341 3044 all'assedio.
1433 3021 1488 3043 dall'
1496 3020 1583 3043 Ordine
1598 3025 1691 3048 sempre
1701 3018 1837 3049 (perpetuo)
1850 3018 2007 3042 condamina.
