2496 3600
1989 271 2034 303 47

211 397 344 431 Fratres
368 396 508 430 Ordinis
532 397 753 431 Eremitarum
778 397 904 430 habent
928 398 1086 431 edificare
1110 397 1222 430 locum
1248 407 1364 431 eorum
1389 400 1422 431 et
1446 398 1556 431 solum
1582 399 1698 432 vivere
1723 400 1765 432 de
1794 400 2033 443 eleemosynis,

210 459 240 493 si
264 459 474 501 contingeret
497 459 626 501 aliquid
650 460 701 492 eis
725 459 846 492 dimitti
871 468 933 501 per
955 461 1205 499 testamentum,
1241 459 1299 492 ubi
1336 460 1416 492 dicti
1453 460 1587 494 Fratres
1612 461 1864 494 nominarentur
1899 465 1931 495 et
1967 472 2034 495 non

209 520 328 554 Abbas
351 522 385 553 et
409 519 585 560 Canonici,
610 521 664 554 vel
690 521 790 554 etiam
815 521 975 554 darentur
991 521 1164 554 Fratribus
1183 521 1346 563 predictis
1363 521 1570 555 eleemosine
1588 531 1650 564 pro
1667 523 1850 564 pictantiis,
1868 524 2034 566 septimis,

209 583 402 626 trigesimis,
427 583 643 623 annualibus,
679 583 733 616 vel
770 592 836 625 que
873 583 1032 616 darentur
1056 584 1101 616 ita
1126 583 1299 616 Fratribus
1324 584 1416 625 quod
1447 593 1520 616 non
1557 584 1681 617 Abbati
1715 587 1748 618 et
1771 583 1967 626 Canonicis,
1992 587 2036 619 sit

209 646 338 678 tantum
361 645 528 678 dictorum
553 645 715 678 Fratrum.
741 645 781 678 Et
805 645 834 678 si
859 645 1050 678 consimilia
1074 645 1234 678 darentur
1258 645 1382 678 Abbati
1408 648 1440 678 et
1465 644 1661 686 Canonicis,
1687 647 1719 679 in
1745 647 1884 680 casibus
1909 649 2036 689 quibus

209 716 323 749 supra,
347 709 542 740 remaneant
566 707 677 740 solum
702 706 826 740 Abbati
852 709 884 740 et
909 705 1104 741 Canonicis.

297 769 377 802 Item
402 770 430 802 si
455 770 657 812 contingerit
681 769 814 811 aliquas
840 769 1070 812 indulgentias
1095 770 1266 811 impetrari
1292 770 1345 819 vel
1371 771 1526 810 concedi,
1551 780 1612 804 seu
1638 772 1835 813 impetratas
1868 772 1922 805 vel
1955 782 2038 805 con-

207 840 326 865 cessas
350 831 421 864 fore
446 841 466 864 a
491 831 643 866 Romana
667 830 780 871 Curia,
806 832 880 864 sive
905 841 924 864 a
949 832 1226 874 quibuscumque
1251 831 1405 872 Prelatis,
1432 834 1560 866 ratione
1585 843 1728 875 quarum
1747 833 2033 876 Indulgentiarum

206 893 321 935 aliqua
345 893 527 926 offerantur
550 893 603 926 vel
629 893 819 933 afferantur,
844 895 951 926 totum
977 894 1020 927 sit
1044 903 1199 934 comune,
1225 896 1260 927 ut
1284 894 1413 927 dictum
1438 897 1489 928 est
1515 904 1629 937 supra.
1656 895 1696 929 Et
1721 896 1784 928 hoc
1810 896 1884 928 sive
1910 905 2033 937 procu-

206 957 319 988 rentur
342 955 395 988 vel
420 957 598 997 procurate
623 956 690 988 sint
714 964 734 988 a
758 955 850 988 dicto
874 954 1007 988 Abbate
1033 957 1065 988 et
1089 954 1284 996 Canonicis,
1310 957 1384 989 sive
1409 966 1428 989 a
1453 957 1626 990 Fratribus
1640 956 1780 990 Ordinis
1799 957 2033 998 Eremitarum,

207 1017 260 1050 vel
284 1017 328 1050 ab
352 1017 429 1050 aliis
453 1018 740 1059 quibuscumque,
766 1018 902 1050 nomine
927 1019 959 1050 et
985 1018 1059 1050 vice
1084 1018 1325 1059 predictorum.

294 1079 385 1118 Item,
422 1079 464 1112 de
501 1079 730 1121 predictorum
767 1079 891 1112 Abbati
928 1081 960 1112 et
996 1078 1258 1119 Canonicorum,
1296 1082 1328 1113 et
1363 1081 1592 1122 predictorum
1630 1081 1757 1114 Prioris
1798 1080 1977 1115 Generalis
2003 1084 2035 1115 et

206 1140 356 1174 Fratrum
381 1141 603 1174 Eremitarum
628 1142 763 1174 comuni
789 1142 982 1181 concordia,
1008 1142 1198 1174 ordinatum
1224 1144 1286 1182 est,
1312 1143 1404 1184 quod
1431 1142 1596 1182 Ecclesia,
1622 1143 1678 1175 ubi
1705 1143 1857 1176 divinum
1884 1144 2034 1177 officium

205 1203 441 1243 celebrabitur,
467 1204 655 1236 comuniter
678 1213 739 1245 per
762 1204 902 1236 eosdem
929 1204 1097 1236 reficiatur
1121 1206 1154 1236 et
1171 1205 1410 1245 recoperiatur,
1429 1206 1464 1237 ut
1480 1205 1580 1237 fuerit
1604 1207 1844 1247 opportunum,
1870 1207 2034 1247 expensis

204 1266 419 1304 comunibus,
445 1265 576 1298 scilicet
600 1265 744 1298 Abbatis
769 1267 801 1298 et
826 1264 1077 1299 Canonicorum
1103 1275 1164 1307 pro
1189 1266 1380 1305 medietate,
1406 1269 1439 1299 et
1464 1267 1614 1299 Fratrum
1631 1268 1782 1309 ipsorum
1801 1277 1862 1309 pro
1879 1268 1944 1301 alia
1963 1278 2033 1301 me-

205 1327 340 1360 dietate.
368 1327 458 1360 Idem
484 1328 527 1360 de
552 1327 745 1369 campanili.

291 1389 371 1422 Item
396 1390 476 1431 quia
501 1390 590 1422 idem
616 1389 735 1422 Abbas
759 1391 792 1422 et
817 1388 981 1423 Canonici
1007 1399 1075 1422 non
1101 1390 1227 1422 habent
1252 1390 1341 1422 idern
1368 1390 1517 1423 officium
1544 1400 1634 1423 cum·
1647 1391 1820 1424 Fratribus
1856 1392 1936 1424 dicti
1972 1391 2035 1424 Or-

202 1451 293 1484 dinis
333 1451 564 1491 Eremitarum,
591 1452 618 1484 si
645 1452 725 1484 dicti
763 1451 882 1484 Abbas
906 1454 939 1484 et
975 1450 1139 1485 Canonici
1177 1460 1214 1485 se
1255 1452 1424 1485 voluerint
1464 1453 1675 1486 conformare
1715 1453 1829 1486 officio
1866 1454 2032 1486 dictorum

203 1513 353 1546 Fratrum
378 1515 411 1546 et
435 1514 572 1546 solitum
598 1515 726 1546 mutare
752 1513 912 1553 officium,
938 1514 1191 1547 remanentibus
1216 1514 1310 1547 libris
1343 1514 1488 1547 Abbatis
1513 1517 1545 1547 et
1570 1513 1821 1548 Canonicorum
1847 1517 1904 1557 qui
1943 1526 2031 1549 nunc

202 1578 291 1616 sunt,
316 1577 374 1618 qui
398 1578 544 1618 possunt
569 1577 742 1609 deservire
768 1577 860 1609 dicto
885 1576 999 1610 officio
1024 1575 1125 1610 Curie
1163 1576 1324 1617 Romane,
1361 1577 1599 1619 obligaverunt
1624 1579 1656 1610 et
1692 1587 1729 1610 se
1766 1578 1918 1620 obligant
1954 1579 2034 1612 dicti

203 1637 299 1671 Prior
323 1637 501 1672 Generalis
526 1640 558 1671 et
583 1638 716 1672 Fratres
741 1637 881 1672 Ordinis
906 1639 1137 1678 Eremitarum,
1163 1639 1298 1672 nomine
1323 1640 1403 1672 dicti
1437 1639 1576 1673 Ordinis
1602 1642 1735 1681 portare
1761 1642 1793 1673 et
1818 1650 1928 1673 emere
1946 1641 2034 1674 alios

210 1700 314 1733 libros
339 1701 555 1734 necessarios
579 1701 622 1733 ad
648 1701 796 1734 officium
822 1701 1062 1734 celebrandum
1089 1711 1150 1743 pro
1175 1702 1310 1734 comuni
1337 1711 1401 1734 usu
1427 1711 1542 1734 eorum
1568 1704 1600 1735 et
1625 1702 1705 1735 dicti
1742 1701 1888 1735 Abbatis
1913 1705 1945 1735 et
1970 1701 2037 1736 Ca-

147 1763 148 1767 ’
207 1762 416 1802 nonicorum,
442 1763 514 1795 sine
540 1772 641 1796 onere
666 1763 782 1805 aliquo
807 1772 1035 1804 expensarum
1061 1762 1206 1796 Abbatis
1231 1763 1311 1796 dicti
1338 1764 1544 1796 monasterii.

298 1824 377 1857 Item
402 1825 430 1857 si
456 1834 620 1866 campane
645 1825 878 1867 frangerentur
902 1834 964 1866 pro
989 1825 1129 1867 speciali
1166 1826 1243 1858 actu
1276 1825 1427 1858 Fratrum
1465 1825 1696 1865 Eremitarum,
1722 1826 1852 1859 scilicet
1883 1827 2038 1868 disputa-

205 1886 366 1926 tionibus,
392 1886 607 1926 lectionibus,
633 1887 859 1926 sermonibus,
886 1887 977 1929 quod
1004 1887 1146 1929 predicti
1184 1887 1318 1920 Fratres
1343 1887 1483 1921 Ordinis
1521 1888 1741 1920 Eremitarum
1767 1888 1809 1921 ad
1835 1898 1951 1921 eorum
1977 1899 2038 1922 ex-

205 1957 333 1990 pensas
356 1950 485 1981 tantum
509 1949 635 1982 faciant
659 1958 718 1982 eas
744 1958 909 1991 reparare.
937 1948 972 1982 Si
997 1951 1109 1982 autem
1134 1949 1368 1992 frangerentur
1392 1959 1454 1991 pro
1479 1950 1613 1983 actibus
1637 1950 1713 1983 aliis
1738 1951 1952 1990 comunibus,
1982 1951 2035 1984 vel

205 2009 273 2043 alio
297 2010 410 2050 modo,
435 2012 632 2052 reparentur
655 2011 843 2044 comuniter
866 2020 926 2053 per
950 2012 1077 2044 dictum
1103 2011 1271 2044 Abbatem
1296 2013 1329 2044 et
1353 2010 1549 2045 Canonicos
1563 2021 1624 2053 pro
1638 2012 1828 2051 medietate,
1847 2014 1879 2045 et
1896 2022 1958 2054 pro
1971 2013 2037 2046 alia

208 2072 388 2105 medietate
412 2082 473 2115 per
497 2073 629 2106 Fratres
655 2073 820 2106 Eremitas
845 2074 1028 2115 predictos.

297 2133 376 2167 Item
401 2137 633 2168 convenerunt
657 2137 690 2167 et
714 2135 962 2176 promisserunt
986 2136 1065 2168 dicti
1092 2134 1189 2168 Prior
1212 2134 1391 2168 Generalis
1416 2138 1448 2168 et
1474 2135 1617 2175 Fratres,
1644 2137 1779 2169 nomine
1796 2137 1875 2169 dicti
1895 2135 2035 2170 Ordinis

208 2195 439 2236 Eremitarum,
465 2197 574 2229 eidem
600 2196 724 2230 Abbati
750 2199 782 2230 et
807 2195 992 2230 Canonicis
1017 2198 1261 2239 recipientibus
1285 2200 1318 2230 et
1342 2198 1587 2239 stipulantibus
1627 2199 1762 2231 nomine
1788 2201 1820 2231 et
1845 2199 1919 2231 vice
1956 2199 2036 2232 dicti

210 2258 405 2290 monasterii
431 2256 545 2291 Sancti
570 2257 671 2298 Petri,
701 2259 793 2300 quod
824 2259 976 2300 predicta
1001 2260 1114 2292 omnia
1139 2261 1171 2292 et
1196 2259 1331 2301 singula
1355 2261 1388 2292 et
1413 2259 1627 2301 infrascripta
1652 2261 1942 2293 confirmabuntur
1978 2270 2039 2302 per

209 2317 358 2352 Priorem
383 2318 584 2353 Generalem
611 2321 690 2353 dicti
716 2319 856 2354 Ordinis
881 2323 913 2354 et
938 2330 999 2363 per
1022 2320 1232 2354 Diffinitores
1257 2320 1405 2363 Capituli
1443 2320 1622 2354 Generalis
1651 2322 1683 2354 in
1709 2323 1934 2363 sequentibus
1971 2321 2038 2355 Ca-

206 2381 323 2423 pitulis
348 2380 586 2422 Generalibus,
611 2383 724 2416 omnia
749 2383 901 2425 predicta
927 2385 1128 2425 perpetuum
1154 2384 1279 2416 habere
1305 2384 1408 2416 robur
1432 2385 1464 2416 et
1488 2385 1746 2417 firmamentum.
1772 2384 1812 2417 Et
1837 2394 1912 2417 cum
1946 2385 2031 2417 defi-

207 2443 313 2476 nitum
337 2443 437 2477 fuerit
461 2453 523 2486 per
545 2445 608 2477 tria
633 2443 792 2486 Capitula
817 2445 998 2487 generalia,
1024 2446 1331 2487 incorporabuntur
1355 2446 1508 2487 predicta
1537 2444 1848 2479 Constitutionibus
1873 2447 1953 2478 dicti
1972 2445 2037 2479 Or-

210 2505 322 2546 dinis;
347 2515 414 2548 que
439 2507 636 2539 constitutio
673 2516 734 2549 per
769 2508 942 2549 predictos
968 2507 1101 2540 Fratres
1137 2507 1277 2541 Ordinis
1302 2507 1523 2540 Eremitarum
1550 2508 1643 2540 nullo
1667 2510 1819 2549 tempore
1856 2508 1898 2541 de
1924 2511 2038 2542 cetero

209 2568 321 2609 possit
345 2568 476 2608 mutari,
502 2568 631 2607 irritari,
657 2568 711 2601 vel
737 2569 900 2608 revocari,
926 2569 987 2602 sed
1014 2570 1188 2611 perpetuis
1213 2569 1307 2602 firma
1332 2571 1364 2602 et
1390 2569 1518 2602 illibata
1554 2571 1751 2611 permaneat
1787 2571 1820 2602 et
1845 2570 1912 2602 vim
1946 2571 2035 2612 pacti

207 2628 358 2662 obtineat
383 2630 468 2663 inter
491 2630 618 2663 dictum
643 2629 811 2663 Abbatem
837 2633 870 2664 et
894 2629 1090 2664 Canonicos
1114 2640 1157 2664 ex
1183 2641 1250 2664 una
1275 2633 1380 2673 parte,
1405 2633 1438 2664 et
1462 2631 1573 2664 dictos
1598 2631 1731 2664 Fratres
1750 2630 1890 2664 Ordinis
1909 2632 2037 2665 Eremi-

207 2692 315 2724 tarum
341 2701 384 2724 ex
409 2692 486 2732 alia,
511 2692 678 2734 solempni
705 2692 923 2734 stipulatione
949 2693 1065 2732 habiti,
1090 2694 1261 2735 promissi,
1286 2694 1406 2726 firmati
1433 2695 1464 2726 et
1489 2693 1622 2733 vallati;
1648 2693 1728 2734 quia
1757 2694 1806 2726 sic
1825 2694 1910 2727 inter
1926 2694 2036 2728 dictas

209 2754 323 2795 partes
347 2763 390 2786 ex
415 2763 504 2787 nunc
529 2756 629 2796 prout
653 2763 696 2787 ex
722 2756 801 2787 tunc
838 2754 981 2788 habetur
1016 2764 1077 2796 per
1112 2756 1248 2796 pactum
1285 2763 1488 2796 expressum
1526 2755 1611 2787 inter
1646 2755 1754 2788 dictas
1780 2757 1895 2797 partes
1920 2758 1952 2789 et
1977 2766 2038 2798 per

209 2815 304 2856 ipsas
341 2815 508 2858 solempni
546 2816 772 2858 stipulacione
808 2817 1033 2858 promissum;
1059 2818 1092 2850 et
1116 2826 1218 2858 quam
1244 2817 1526 2849 constitucionem
1552 2816 1632 2849 dicti
1670 2816 1766 2850 Prior
1801 2816 1979 2851 Generalis
2004 2821 2036 2851 et

210 2876 352 2917 Fratres,
377 2877 512 2911 nomine
544 2878 625 2911 dicti
661 2877 811 2918 Ordinis,
836 2879 1083 2920 promisserunt
1107 2878 1217 2911 eidem
1243 2877 1367 2910 Abbati
1393 2880 1425 2910 et
1449 2876 1634 2911 Canonicis
1652 2879 1702 2911 eis
1719 2879 1809 2919 dare,
1837 2880 1947 2921 ipsius
1972 2879 2037 2913 Or-

208 2938 298 2972 dinis
322 2940 470 2981 propriis
494 2939 670 2973 laboribus
695 2942 727 2972 et
752 2940 927 2982 expensis,
953 2940 985 2972 in
1010 2939 1117 2972 forma
1142 2939 1270 2981 publici
1297 2940 1522 2972 instrumenti.

298 3000 377 3034 Item
403 3004 634 3035 convenerunt
658 3003 691 3035 et
715 3002 962 3043 promisserunt
986 3002 1066 3034 dicti
1092 3001 1188 3034 Prior
1212 3000 1390 3034 Generalis
1415 3003 1447 3034 et
1472 3001 1605 3035 Fratres
1638 3001 1777 3036 Ordinis
1814 3003 2033 3036 Eremitarum

209 3061 338 3095 eisdem
363 3061 487 3096 Abbati
512 3065 544 3096 et
569 3061 764 3103 Canonicis,
790 3072 906 3096 eorum
932 3065 964 3096 et
988 3063 1068 3096 dicti
1095 3063 1289 3096 monasterii
1315 3063 1450 3095 nomine
1467 3063 1711 3105 stipulantibus
1728 3066 1762 3097 et
1780 3065 2034 3106 recipientibus,

208 3124 301 3165 quod
326 3125 473 3166 propriis
498 3125 673 3159 laboribus
697 3127 730 3158 et
755 3126 919 3167 expensis
944 3125 1024 3158 dicti
1051 3126 1102 3158 sui
1129 3123 1269 3158 Ordinis
1286 3125 1516 3166 procurabunt
1533 3125 1678 3159 sollicite
1695 3128 1766 3159 toto
1784 3136 1899 3171 eorum
1918 3136 2034 3169 posse,
