2496 3600
1953 231 2014 264 159

201 363 328 402 domini
353 361 497 397 Comitis
535 360 775 395 Gebennensis
791 359 853 404 (1),
878 371 944 404 que
979 362 1169 396 ascendunt
1193 362 1226 395 in
1251 371 1383 395 summa
1418 362 1565 395 florenos
1597 362 1779 395 ducentum
1816 363 1895 395 boni
1931 365 2013 396 auri.

164 414 167 417 ⁴
289 425 368 460 Item
393 434 490 458 suam
515 426 643 467 partem
669 424 852 457 oblationis
875 424 963 458 facte
988 433 1048 466 per
1072 425 1258 466 prefactum
1284 424 1458 457 dominum
1494 422 1661 457 Comitem
1697 424 1863 457 Virtutum
1893 427 1925 458 et
1949 424 2017 458 Co—

170 489 300 524 >ffmune
323 487 429 530 Papie
454 475 492 520 in*
512 496 602 520 anno
627 486 763 519 Domini
789 496 878 520 nunc
902 496 1003 520 curso
1028 487 1207 520 millesimo
1231 487 1469 520 trecentesimo
1494 486 1727 528 octuagesimo
1751 488 1861 526 sexto,
1887 487 1941 520 die
1967 488 2018 519 vi-

202 551 333 597 gesimo
355 550 509 584 secundo
533 549 650 591 aprilis
675 549 717 582 de
740 550 878 582 florenis
903 551 1037 582 centum
1062 550 1145 582 auri.

291 613 371 647 Item
396 622 457 655 pro
481 621 623 654 corpore
649 612 749 644 unius
774 611 901 654 Ungari
938 612 1073 653 sepulto
1109 612 1142 644 in
1178 612 1269 645 dicta
1305 611 1451 646 ecclesia
1476 612 1509 644 in
1534 611 1626 645 dicto
1657 621 1758 651 anno,
1783 612 1825 645 de
1850 621 1919 654 quo
1944 622 2020 655 pre-

200 677 281 713 dicti
306 675 402 709 Prior
425 677 458 708 et
480 675 600 708 fratres
626 674 817 707 habuerunt
839 674 988 707 florenos
1013 674 1195 707 ducentum
1221 675 1300 707 boni
1325 675 1408 708 auri.

122 779 132 788 ,Ἰ
290 738 370 772 Item
394 747 491 771 suam
516 739 645 779 partem
670 736 853 769 oblationis
877 736 965 770 facte
990 745 1052 778 pro
1076 737 1254 778 obsequiis
1279 737 1379 770 unius
1403 736 1470 770 filie
1495 736 1649 778 prelibati
1674 737 1801 769 domini
1827 735 1970 771 Comitis
1987 738 2020 770 in

114 795 153 838 xj}
202 811 292 837 anno
315 801 471 844 predicto
489 797 551 841 (2).

291 863 371 898 Item
395 863 488 905 quod
513 863 757 904 condempnari
782 862 908 895 debent
932 863 965 895 in
989 862 1131 904 duplum
1156 863 1306 895 omnium
1331 863 1557 904 predictarum
1581 863 1816 904 quantitatum.

209 962 212 963 ⁷
291 926 371 959 Item
396 925 488 968 quod
514 934 669 967 reparare
705 925 851 958 debeant
886 925 1080 958 cathedram
1117 934 1183 967 que
1219 927 1290 958 erat
1314 926 1347 957 in
1372 925 1583 958 confessorio
1617 925 1706 958 dicte
1731 925 1875 958 ecclesie
1900 927 1932 958 et
1956 934 2022 967 que

205 991 276 1023 erat
300 989 396 1022 locus
420 987 501 1021 dicti
525 987 654 1020 domini
679 987 824 1020 Abbatis
849 989 882 1020 et
906 996 972 1029 que
998 985 1169 1020 Cathedra
1193 987 1255 1020 fuit
1278 987 1452 1020 destructa
1469 996 1530 1029 per
1547 988 1643 1029 ipsos
1667 986 1818 1020 Priorem
1836 989 1868 1020 et
1885 987 2019 1021 Fratres

204 1051 447 1086 Heremitarum
473 1051 505 1083 in
530 1050 623 1083 dicto
646 1058 737 1082 anno
760 1048 896 1082 Domini
923 1058 1024 1083 curso
1049 1048 1357 1092 MCCCLXXXVJ.

293 1113 373 1147 Item
398 1113 490 1155 quod
517 1099 692 1146 restituere
717 1112 863 1145 debeant
887 1112 1021 1145 robaria
1045 1121 1105 1153 per
1129 1113 1225 1154 ipsos
1250 1111 1383 1145 Fratres
1408 1113 1440 1144 in
1465 1112 1557 1145 dicto
1582 1113 1788 1146 monasterio
1800 1113 2023 1146 factamtem—

173 1210 175 1212 ,
204 1185 286 1220 pore
311 1176 421 1209 noctis
445 1175 500 1208 die
527 1173 631 1216 XXVJ
657 1173 855 1207 novembris
878 1174 959 1207 dicti
984 1174 1075 1213 anni,
1099 1173 1239 1207 valloris
1262 1174 1466 1207 florenorum
1491 1176 1625 1208 centum
1650 1175 1732 1207 auri.

209 1274 213 1277 ,
295 1238 376 1272 Item
401 1238 569 1271 robariam
594 1246 655 1279 per
679 1237 777 1278 ipsos
800 1235 951 1269 Priorem
976 1238 1008 1269 et
1033 1236 1166 1269 Fratres
1192 1236 1434 1269 Heremitarum
1459 1236 1582 1270 factam
1607 1238 1640 1269 in
1665 1237 1821 1270 sacristia
1845 1238 1926 1271 dicti
1952 1248 2024 1271 mo-

205 1301 341 1340 nasterii
365 1300 420 1334 die
444 1299 579 1342 XXVII]
604 1299 733 1332 mensis
757 1299 962 1341 septembris
985 1299 1028 1332 de
1052 1299 1152 1332 certis
1185 1299 1280 1332 libris
1296 1296 1356 1340 (3).

119 1352 151 1415 r
187 1404 190 1408 ¹
294 1363 373 1397 Item
397 1364 431 1396 et
454 1363 535 1404 quia
559 1361 702 1404 predicti
727 1360 824 1394 Prior
847 1363 881 1394 et
904 1361 1024 1394 fratres
1048 1362 1214 1394 venerunt
1238 1370 1299 1394 seu
1325 1361 1584 1394 commisserunt
1620 1363 1736 1394 contra
1760 1364 1860 1404 pacta
1885 1364 1918 1395 et
1941 1372 2023 1396 con-

113 1417 161 1473 ³³⁷¹«
205 1426 390 1460 venciones
415 1425 497 1458 inita
521 1426 553 1457 et
578 1424 678 1457 initas
703 1432 764 1456 seu
789 1423 879 1456 facta
903 1425 936 1456 et
959 1423 1068 1456 factas
1094 1423 1179 1456 Inter
1203 1431 1262 1456 eos
1287 1423 1329 1456 de
1354 1423 1481 1465 quibus
1517 1432 1621 1465 supra
1652 1424 1688 1456 fit
1712 1424 1855 1463 mencio,
1880 1426 1913 1457 et
1937 1425 2023 1465 aliis,

205 1488 374 1527 videlicet,
399 1487 555 1529 pluribus
579 1486 695 1524 causis
720 1487 752 1519 et
777 1485 973 1518 racionibus
998 1485 1030 1518 in
1056 1493 1220 1527 processo
1245 1485 1465 1526 liquidandis,
1490 1486 1581 1527 quod
1607 1486 1831 1527 pronunciare
1857 1488 1888 1519 et
1912 1486 2027 1520 decla-

206 1559 279 1585 rare
303 1550 457 1583 debeatis
482 1549 580 1591 ipsos
603 1547 755 1581 Priorem
780 1549 812 1580 et
836 1547 957 1580 fratres
981 1548 1023 1580 de
1049 1549 1162 1580 cetero
1179 1556 1293 1580 carere
1311 1547 1434 1580 debere
1460 1549 1492 1580 et
1505 1556 1583 1580 esse
1600 1547 1754 1589 privatos
1771 1548 1862 1580 omni
1880 1549 2026 1581 comodo

205 1614 239 1647 et
261 1613 352 1646 omni
389 1611 530 1645 utilitate
566 1613 743 1653 pactorum
768 1612 801 1643 et
825 1610 1097 1643 convencionum
1122 1610 1279 1642 initorum
1305 1618 1365 1642 seu
1400 1609 1565 1642 factorum
1598 1610 1684 1642 inter
1707 1610 1802 1652 ipsas
1827 1612 1941 1652 partes
1966 1620 2025 1644 seu

208 1684 324 1710 eorum
348 1674 620 1717 predecessores.
645 1672 758 1712 Quare
784 1673 868 1715 petit
891 1673 1005 1706 dictus
1040 1672 1206 1711 sindicus,
1230 1672 1321 1705 dicto
1346 1672 1493 1711 nomine,
1518 1681 1577 1713 per
1601 1681 1664 1705 vos
1692 1672 1866 1705 dominum
1891 1683 2028 1707 conser-

209 1739 357 1771 vatorem
382 1736 597 1779 pronunciari
623 1737 654 1768 et
679 1735 840 1768 declarari
866 1735 990 1768 debere
1014 1735 1126 1767 dictos
1150 1733 1300 1767 Priorem
1325 1736 1358 1767 et
1383 1734 1515 1767 Fratres
1533 1734 1776 1767 Heremitarum
1805 1735 1848 1768 ad
1866 1735 2027 1776 dandum,

210 1797 413 1839 solvendum
438 1801 470 1832 et
494 1798 739 1832 restituendum
764 1797 851 1839 ipsis
874 1797 1013 1830 domino
1038 1796 1174 1836 Abbati,
1199 1794 1384 1830 Canonicis
1408 1798 1441 1829 et
1465 1794 1624 1838 Capitulo
1641 1797 1720 1830 dicti
1735 1798 1940 1838 monasterii,
1958 1808 2028 1831 me-

209 1862 367 1896 dietatem
392 1861 558 1894 dictorum
582 1860 784 1893 funeralium
809 1861 841 1892 et
866 1859 1086 1898 oblationum,
1122 1868 1189 1900 que
1214 1860 1250 1891 ut
1274 1859 1475 1900 premittitur
1500 1859 1723 1907 *arripuerunt
1754 1861 1821 1892 tam
1851 1869 1912 1902 pro
1953 1870 2028 1902 pre-

210 1924 311 1958 dictis
335 1924 537 1966 corporibus
572 1931 674 1964 quam
711 1922 786 1955 aliis
811 1922 926 1955 causis
950 1922 1122 1963 predictis,
1151 1921 1179 1954 si
1205 1922 1332 1960 extant,
1361 1922 1393 1953 et
1418 1921 1446 1953 si
1472 1930 1538 1953 non
1564 1922 1689 1961 extant,
1715 1922 1901 1963 predictam
1941 1924 2028 1956 exti-

210 1986 391 2020 mationem
417 1988 450 2019 et
467 1985 639 2018 vallorem.
1975 1987 1977 1989 '

300 2049 379 2082 Item
404 2049 447 2081 ad
473 2048 708 2081 dimittendum
744 2050 777 2081 et
813 2047 1047 2080 relassandum
1084 2047 1246 2088 predictis
1284 2046 1422 2079 domino
1458 2046 1595 2086 Abbati,
1622 2047 1777 2079 monacis
1813 2049 1845 2080 et
1869 2045 2029 2089 Capitulo

209 2112 300 2145 dicta
323 2111 491 2145 sedimina
514 2120 591 2144 curn
615 2111 777 2152 predictis
794 2110 972 2149 hedificiis,
990 2111 1161 2150 tamquam
1180 2118 1232 2141 res
1250 2118 1316 2150 que
1333 2111 1447 2150 aperte
1465 2110 1544 2141 sunt
1560 2109 1652 2142 dicto
1669 2110 1874 2142 monasterio
1891 2113 2029 2152 propter

210 2174 325 2208 fictum
350 2174 416 2216 ipsi
441 2174 648 2206 monasterio
672 2182 739 2206 non
765 2173 926 2206 solutum.

300 2235 379 2269 Item
404 2237 436 2268 et
459 2235 597 2268 domurn
622 2235 809 2277 predictam
834 2244 901 2276 que
926 2235 1049 2267 dicitur
1073 2234 1191 2267 scolla.

300 2297 379 2331 Item
403 2298 446 2330 ad
472 2297 732 2339 permittendum
758 2298 800 2330 de
825 2298 937 2330 cetero
962 2297 1087 2329 dictum
1125 2296 1298 2329 dominum
1325 2286 1491 2329 Abbatem
1517 2297 1550 2328 et
1573 2294 1768 2329 Canonicos
1794 2297 1840 2329 uti
1866 2297 1960 2330 libris
1985 2298 2027 2330 ad

211 2360 335 2394 dictam
367 2360 547 2393 ecclesiam
581 2359 819 2399 existentibus,
851 2368 914 2400 pro
946 2359 1073 2391 divinis
1106 2358 1229 2391 officiis
1261 2359 1328 2390 tarn
1358 2357 1488 2390 diurnis
1519 2367 1620 2399 quam
1655 2359 1829 2392 nocturnis
1847 2360 2025 2392 cantandis

211 2424 245 2456 et
268 2422 505 2456 cellebrandis.

301 2483 379 2517 Item
404 2485 436 2516 et
460 2484 502 2517 ad
529 2484 755 2517 claudendum
780 2486 813 2517 et
837 2484 1057 2529 aperiendum
1083 2485 1199 2525 portas
1224 2483 1405 2524 predictas,
1430 2492 1518 2524 quas
1542 2483 1622 2516 dicti
1648 2482 1745 2515 Prior
1768 2485 1801 2516 et
1824 2483 1943 2516 fratres
1968 2493 2029 2517 seu

211 2555 326 2580 eorum
351 2547 616 2589 predecessores
639 2546 711 2579 fieri
735 2546 887 2580 fecerunt
911 2546 954 2579 ad
980 2546 1104 2579 dictam
1130 2546 1320 2578 ecclesiam.

268 2686 299 2714 (1)
313 2687 329 2709 11
344 2687 419 2710 Conte
433 2687 455 2709 di
478 2687 586 2715 Ginevra‚
608 2687 700 2710 fratello
714 2687 887 2714 dell'antipapa
910 2687 1028 2709 Clemente
1043 2687 1090 2713 vn,

215 2736 254 2754 era
267 2737 336 2754 sceso
350 2732 373 2753 111
387 2731 453 2754 Italia
463 2737 507 2754 con
522 2731 640 2754 Lodovico
655 2731 714 2754 duca
729 2732 752 2753 di
767 2731 841 2758 Angio
856 2737 898 2758 per
912 2731 1062 2758 conquislare
1077 2731 1092 2753 il

216 2781 287 2804 regno
301 2775 324 2798 (11
339 2776 423 2803 Napoli
437 2777 474 2798 nel
490 2776 542 2799 1382
561 2775 674 2803 (ΟΙυιιΝῐ,
696 2776 810 2799 Memorte
830 2776 856 2798 dl
876 2776 976 2803 Milano,
998 2776 1044 2798 vol.
1066 2776 1094 2798 V.

217 2825 270 2847 pag.
280 2819 338 2846 631).
353 2820 404 2843 Una
418 2821 483 2843 carta
497 2820 534 2842 del
549 2821 631 2842 nostro
646 2820 731 2842 Museo
747 2819 830 2847 (paceo
846 2820 892 2846 196)
906 2820 926 2842 cl
942 2821 1030 2842 mostra
1039 2826 1094 2847 que·

215 2865 255 2886 sto
268 2863 343 2887 conte
357 2864 380 2886 di
396 2863 495 2887 Glnevra
509 2865 532 2886 in
547 2864 618 2887 Pavia
633 2865 669 2886 nel
684 2865 755 2891 luglio
770 2864 807 2886 del
824 2864 881 2887 1392.
893 2863 956 2886 Sulla
966 2869 1009 2886 sua
1020 2865 1095 2886 morte

216 2913 230 2930 e
243 2908 303 2931 sulla
323 2914 367 2931 sua
385 2909 507 2936 sepultura
522 2909 544 2931 in
559 2908 582 2931 S.
599 2908 686 2936 Pietro,
700 2914 714 2930 a
729 2909 765 2930 cui
787 2909 880 2931 sembra
895 2909 935 2935 qui
949 2908 1092 2935 accennarsi,

216 2958 262 2975 non
276 2953 296 2975 si
310 2953 387 2975 hanno
401 2953 460 2976 altre
474 2954 568 2976 notizie.

269 2995 300 3023 (2)
314 2996 341 3020 Vi
362 2997 375 3019 ὲ
403 2997 443 3024 qui
466 3003 513 3019 una
535 2997 661 3020 differenza
680 2997 836 3024 cronologica‚
858 2996 952 3023 giacche
970 3002 1036 3019 corne
1053 2997 1093 3018 ab·

217 3040 294 3064 biano
313 3041 375 3064 visto
395 3041 457 3067 (doc.
472 3047 494 3064 n.
511 3042 618 3069 LXXVI),
639 3042 669 3069 gli
691 3041 798 3064 Annales
818 3041 1012 3064 Mediolanenses
1029 3046 1093 3063 asse-

216 3090 292 3112 gnano
306 3086 328 3108 al
341 3086 355 3108 9
368 3086 440 3114 luglio
454 3086 491 3109 del
508 3087 559 3110 1385
573 3086 595 3109 la
610 3088 685 3109 morte
699 3086 721 3108 di
738 3092 782 3109 una
797 3086 936 3113 iiglluoletta
960 3085 996 3108 del
1018 3085 1093 3108 Conte

1146 2687 1168 2708 di
1184 2686 1259 2709 Virtu.
1274 2686 1348 2712 Quale
1363 2687 1422 2708 delle
1437 2686 1482 2708 due
1497 2686 1551 2708 date
1566 2686 1601 2708 sia
1615 2686 1645 2708 da
1661 2685 1776 2713 preterirsi
1792 2692 1837 2708 non
1853 2685 1900 2713 pub
1915 2691 1958 2708 con
1979 2691 2028 2708 cer-

1147 2732 1214 2753 tezza
1229 2731 1362 2757 giudicarsi.
1378 2731 1487 2753 Notiamo
1509 2730 1566 2757 pero
1585 2730 1626 2752 che
1641 2730 1656 2751 11
1671 2731 1752 2752 nostro
1774 2730 1922 2757 documento,
1944 2730 2027 2752 scritto

1149 2776 1179 2797 ad
1194 2781 1224 2797 un
1239 2781 1299 2797 anno
1314 2775 1337 2798 di
1352 2775 1459 2797 distanza
1473 2775 1511 2797 dal
1532 2774 1592 2797 fatto
1614 2774 1731 2796 ricordato
1751 2774 1843 2801 (poiche
1863 2780 1918 2796 esso
1933 2774 1945 2796 ὲ
1959 2775 2028 2801 copia

1148 2819 1170 2841 di
1186 2825 1216 2841 un
1231 2820 1292 2841 altro
1307 2819 1448 2841 documento
1463 2819 1500 2841 del
1517 2819 1541 2841 10
1556 2819 1648 2846 maggio
1673 2819 1741 2846 1387),
1763 2819 1846 2841 scritto
1867 2818 1897 2840 da
1918 2824 2026 2846 persone,

1149 2865 1192 2886 che
1207 2863 1291 2885 furono
1315 2863 1433 2885 testimoni
1449 2863 1535 2885 oculari
1551 2862 1588 2885 dei
1602 2862 1699 2884 funerali
1714 2863 1743 2884 ed
1758 2863 1780 2884 in
1795 2863 1841 2885 essi
1856 2863 1997 2889 interessati;
2015 2869 2027 2884 e

1147 2908 1230 2930 scritto
1245 2913 1287 2934 per
1302 2908 1447 2934 presentatio
1462 2907 1498 2929 nel
1513 2907 1639 2934 tribunale,
1654 2907 1682 2929 ha
1698 2913 1729 2928 un
1743 2907 1822 2929 valore
1837 2907 1879 2929 che
1893 2913 1939 2929 non
1949 2908 1968 2929 si
1980 2907 2028 2934 puo

1147 2953 1213 2974 tanto
1228 2951 1359 2974 iacilmente
1377 2951 1548 2974 disconoscere.

1199 2995 1230 3022 (3)
1245 2996 1287 3018 Nel
1308 2996 1386 3018 libello
1407 2997 1544 3023 presentato
1565 2996 1587 3018 al
1609 2995 1689 3018 PrIore
1703 2995 1725 3017 di
1741 2995 1765 3018 S.
1781 2996 1878 3023 Maiolo,
1893 2996 1908 3018 il
1925 2997 1949 3019 10
1964 3002 2026 3023 mag-

1147 3041 1185 3068 gio
1202 3041 1252 3063 1387
1267 3041 1344 3068 questi
1360 3040 1446 3067 pretesi
1461 3040 1516 3062 furti
1531 3046 1590 3063 sono
1604 3040 1722 3068 assegnati
1737 3040 1759 3062 al
1773 3041 1799 3062 27
1813 3041 1842 3063 ed
1856 3041 1878 3063 al
1893 3041 1919 3063 28
1933 3042 2028 3063 settem-

1149 3085 1190 3108 bre
1206 3085 1264 3108 1386.
