2496 3600
1460 7 1477 26 x,
1492 0 1495 2 >
1508 0 1768 25 7¹¹-q'-w¹²5⁰3⁹1'?3ff<'
1787 19 1790 25 ν
1804 15 1829 26 ’.ζ
1858 11 1870 23 ιζ
1888 1 1929 17 >·›'·-
1944 4 1970 14 e„

487 241 531 276 ⁷2

484 376 624 415 stentes,
649 375 786 408 nomina
814 383 958 417 quorum
994 376 1083 408 sunt:
1120 373 1161 408 D.
1187 373 1348 407 lsnardus
1372 373 1415 406 de
1441 371 1603 413 Sicleriis,
1627 371 1806 408 Rainerius
1841 372 1884 406 de
1913 371 2087 414 Piscariis,
2121 372 2314 410 Bonifatius
2330 359 2384 417 ’ἕῖς

484 436 631 477 Portius,
655 437 777 470 Nicola
801 437 843 470 de
869 436 1041 476 Beccaria,
1067 435 1223 471 Rutfinus
1259 433 1473 474 Carimanus,
1509 434 1718 468 Lanirancus
1742 434 1785 468 de
1809 433 1948 475 Dorata,
1983 434 2154 470 Martinus
2177 433 2314 480 Gattus,

482 501 515 532 et
540 498 584 532 lo.
610 499 652 533 de
678 497 749 532 S.to
773 497 951 542 Gregorio,
976 498 1034 540 qui
1064 499 1143 531 sunt
1179 497 1246 531 due
1282 499 1397 540 partes
1432 497 1656 539 suprascripti
1692 495 1836 531 Consilii
1872 496 2055 532 duodecim
2090 495 2312 541 Sapientumt

483 559 744 604 Suprascriptus
769 560 809 594 D.
835 560 994 594 Potestas
1019 560 1146 593 ibidem
1171 560 1204 592 in
1230 559 1322 593 dicto
1358 557 1514 593 Consilio
1549 559 1715 600 existens,
1739 559 1900 602 proponit
1923 568 1964 594 ac
1987 560 2201 603 propositum
2232 560 2315 596 fecit
2348 584 2403 601 ,,

481 625 515 658 et
538 623 618 656 facit
643 623 876 665 infrascripta:
2307 651 2311 658 .
2361 654 2363 657 ,
2383 653 2398 667 ,ζ

570 683 658 719 Cum
683 695 745 728 pro
770 687 864 727 parte
890 684 1018 719 Prioris
1042 687 1075 718 et
1099 685 1251 718 Fratrum
1277 683 1418 718 Ordinis
1442 684 1688 718 Heremitarum
1705 684 1771 719 loci
1788 683 1903 719 Sancti
1921 684 2102 729 Augustini
2119 685 2199 720 data
2213 684 2315 720 fuerit

482 748 612 789 petitio,
637 748 724 781 lecta
749 749 781 781 et
807 747 1015 790 vulgarizata
1039 747 1072 780 in
1098 747 1247 789 presenti
1272 745 1439 788 Consilio,
1463 746 1668 790 infrascripti
1692 747 1842 781 tenoris:
2306 771 2308 773 -

572 808 696 843 Coram
722 810 823 843 vobis
847 808 888 843 D.
926 809 1102 843 Buschino
1137 809 1180 843 de
1217 809 1438 852 Mantegatiis
1474 809 1664 843 honorabili
1701 808 1865 843 Potestati
1901 807 2061 844 Civitatis
2083 811 2118 844 et
2145 798 2314 853 Comanis

480 871 598 913 Papie,
624 881 691 904 una
716 881 793 905 cum
818 870 1041 914 Sapientibus
1073 872 1156 905 viris
1187 871 1344 914 providis
1368 873 1401 905 et
1425 871 1584 905 discretis
1619 870 1880 905 Presidentibus
1914 871 2015 906 tactis
2038 873 2071 906 et
2095 872 2187 906 curis
2221 871 2315 907 dicte
2347 867 2382 906 ἷ-

477 934 627 967 civitatis
651 936 683 967 et
707 935 804 974 terre,
830 933 934 967 corde
959 934 1076 967 humili
1102 933 1299 976 supplicant
1323 935 1356 967 et
1379 935 1557 976 exponunt
1581 933 1679 967 Prior
1694 935 1728 967 et
1744 933 1879 968 Fratres
1901 932 2043 968 Ordinis
2067 933 2318 978 Heremitarum'
2337 922 2373 979 J„

482 996 546 1029 loci
565 994 680 1029 Sancti
698 995 880 1039 Augustini
898 998 985 1030 terre
1003 998 1127 1036 vestre,
1145 996 1238 1039 quod
1255 1005 1332 1030 cum
1350 997 1470 1030 hortus
1485 1005 1615 1037 eorum,
1631 1005 1676 1030 ex
1693 996 1840 1030 deffectu
1857 998 1891 1030 et
1906 996 2056 1031 carentia
2071 1005 2171 1039 aque,
2188 996 2316 1039 herbas
2349 997 2378 1036 {-

478 1060 511 1091 et
536 1058 671 1100 plantas
696 1059 739 1092 ad
764 1058 910 1092 fructum
935 1059 1088 1092 debitum
1113 1059 1303 1101 producere
1328 1060 1500 1101 nequeant
1517 1059 1580 1092 sed
1597 1061 1765 1099 arescant,
1781 1060 1815 1092 et
1831 1059 1976 1102 perdant
1991 1067 2131 1102 operam
2154 1061 2192 1094 et·
2213 1064 2314 1098 usum

477 1121 563 1160 eius,
589 1123 760 1162 quatenus
784 1121 922 1163 pietatis
947 1121 1069 1154 intuitu
1094 1123 1127 1154 et
1151 1121 1348 1161 elemosine,
1373 1121 1418 1154 ob
1443 1121 1666 1155 reverentiam
1702 1120 1852 1164 Virginis
1880 1121 1989 1155 Marie
2013 1123 2047 1156 et
2071 1121 2160 1156 beati
2195 1120 2316 1165 Augu-

479 1183 559 1216 stini
584 1182 746 1216 Doctoris
771 1184 853 1217 tanti
878 1185 912 1217 et
936 1184 1040 1217 vestri
1073 1183 1222 1224 Patroni,
1258 1185 1406 1217 statuere
1431 1185 1464 1217 et
1487 1184 1644 1217 ordinare
1669 1185 1703 1218 et
1726 1183 1908 1218 reformare
1943 1184 2140 1227 dignemini,
2164 1185 2201 1218 ut
2222 1189 2321 1228 aque
2350 1171 2374 1205 Ῐ

479 1245 625 1278 rivulum
651 1245 844 1279 conducere
870 1246 1004 1288 possint
1029 1246 1168 1288 quando
1192 1248 1226 1279 et
1250 1247 1414 1288 quantum
1439 1255 1502 1288 pro
1526 1246 1619 1280 dicto
1643 1246 1741 1279 horto
1765 1245 1865 1280 fuerit
1888 1247 2130 1288 opportunum,
2146 1246 2221 1280 sine
2241 1254 2316 1281 mo-

479 1307 577 1340 lestia
602 1309 635 1341 et
659 1308 928 1341 contradictione
968 1308 1215 1350 cuiuscumque
1253 1308 1390 1350 publice
1415 1308 1469 1341 vel
1495 1309 1626 1350 private
1662 1317 1820 1351 persone,
1845 1317 1888 1342 ex
1913 1317 1954 1342 ea
1989 1307 2125 1342 Carona
2158 1305 2223 1350 (Ι),
2257 1307 2313 1343 vel

477 1372 572 1412 parte
598 1368 732 1403 Carone
757 1380 860 1412 quam
885 1371 1066 1404 comodius
1091 1370 1284 1404 conducere
1309 1372 1468 1413 poterunt
1492 1371 1572 1404 dicti
1599 1370 1743 1411 Fratres,
1769 1372 1805 1404 ut
1840 1380 1884 1405 ex
1920 1380 2011 1414 aqua
2046 1371 2110 1405 hac
2145 1377 2315 1407 concensu
2336 1363 2387 1422 23]

480 1434 605 1465 statum
631 1442 716 1474 pace
742 1433 880 1475 plenum
906 1435 938 1466 et
963 1442 1086 1475 aquam
1112 1434 1218 1476 gratie
1243 1442 1310 1475 que
1335 1434 1425 1467 sitim
1451 1433 1546 1466 tollat
1570 1434 1746 1476 percipere
1771 1433 1926 1467 valeatis.

573 1495 651 1528 ideo
676 1496 789 1528 dictus
814 1495 855 1529 D.
881 1495 1040 1529 Potestas
1065 1505 1084 1529 a
1109 1496 1210 1529 vobis
1235 1496 1440 1530 consiliariis
1464 1496 1546 1529 dicti
1571 1496 1706 1530 consilii
1731 1497 1914 1530 duodecim
1938 1499 1972 1530 et
1995 1496 2040 1530 ab
2057 1497 2134 1539 ipso
2157 1494 2315 1533 Consilio
2335 1517 2378 1533 ‹

484 1558 678 1599 duodecim,
704 1559 884 1592 consilium
902 1559 1081 1600 requisivit
1105 1561 1137 1592 et
1162 1559 1311 1601 requirit,
1336 1559 1418 1601 quid
1443 1559 1545 1592 vobis
1569 1559 1682 1601 placet
1705 1561 1738 1592 et
1761 1559 1918 1592 videatur
1933 1559 1976 1592 de
1993 1559 2085 1593 dicta
2100 1557 2315 1602 petitione&

479 1629 584 1662 super
608 1621 684 1662 ipsa
709 1623 741 1653 et
766 1621 856 1654 circa
881 1621 991 1663 ipsam
1017 1623 1049 1654 et
1074 1621 1185 1663 ipsius
1217 1621 1400 1654 occasione
1425 1623 1458 1654 et
1482 1630 1588 1654 causa
1613 1621 1805 1663 providere,
1841 1621 2022 1655 reformare
2054 1623 2088 1655 et
2117 1621 2312 1664 decernere,

478 1684 627 1715 statuere
675 1685 707 1716 et
732 1683 900 1722 ordinare,
925 1683 1074 1725 surgatis
1098 1685 1131 1716 et
1156 1683 1354 1716 consulatis.

568 1744 645 1784 Qua
670 1746 906 1787 propositione
931 1746 981 1778 sic
1006 1745 1095 1778 facta
1120 1746 1268 1779 surrexit
1292 1747 1324 1778 et
1349 1746 1457 1788 surgit
1481 1745 1522 1779 D.
1548 1745 1718 1779 Martinus
1743 1744 1877 1786 Gattus,
1907 1755 1996 1780 unus
2019 1755 2063 1781 ex
2095 1746 2197 1781 dictis
2220 1743 2335 1781 con-
2350 1754 2379 1781 tf

477 1807 625 1847 siliariis,
650 1810 683 1841 et
707 1808 904 1850 arengando
930 1808 1103 1841 consuluit
1128 1810 1160 1841 et
1185 1808 1343 1848 consulit,
1369 1808 1456 1842 dixit
1481 1810 1514 1842 et
1537 1809 1630 1848 dicit,
1655 1809 1748 1851 quod
1773 1811 1912 1852 propter
1947 1809 2110 1842 honorem
2145 1807 2312 1852 Corporis
2344 1795 2387 1845 ἶ

479 1870 568 1903 beati
594 1869 776 1912 Augustini
802 1871 895 1912 quod
922 1871 1107 1904 honoratur
1131 1880 1192 1912 per
1215 1871 1328 1904 dictos
1353 1870 1486 1904 Fratres
1510 1872 1543 1904 et
1567 1873 1707 1913 propter
1730 1871 1907 1905 utilitatem
1943 1871 2116 1914 publicam
2151 1879 2219 1914 que
2250 1859 2383 1908 iat-²²³·

479 1933 582 1965 minet
607 1933 735 1965 civitati
761 1934 794 1965 et
818 1933 1015 1966 hominibus
1040 1932 1146 1975 Papie
1171 1942 1215 1966 ex
1241 1933 1425 1966 residentia
1449 1933 1616 1966 dictorum
1643 1933 1805 1974 Fratrum,
1841 1943 1944 1976 quam
1982 1933 2111 1968 faciunt
2133 1933 2178 1968 ad
2202 1932 2315 1969 eccle-

478 1995 565 2027 siam
591 1993 705 2028 Sancti
731 1994 924 2037 Augustini,
950 1995 1032 2028 dicit
1057 1997 1090 2028 et
1114 1995 1262 2028 consulit
1287 1995 1380 2037 quod
1406 1995 1464 2028 fiat
1488 1997 1521 2028 et
1544 1995 1616 2028 fieri
1641 1995 1765 2029 debeat
1789 1997 1822 2029 et
1845 1995 1972 2030 factum
1997 2004 2075 2030 esse
2107 1977 2335 2040 intelligam?

481 2057 514 2088 in
540 2057 701 2090 omnibus
726 2059 759 2089 et
783 2066 844 2098 per
867 2057 982 2090 omnia
1014 2059 1114 2099 prout
1150 2058 1183 2090 in
1220 2058 1454 2100 suprascripta
1489 2057 1653 2099 petitione
1688 2058 1889 2098 continetur,
1914 2059 1947 2091 et
1971 2058 2064 2100 quod
2099 2058 2181 2092 dicti
2216 2054 2382 2092 Prior?

479 2121 512 2152 et
538 2119 672 2152 Fratres
697 2120 832 2161 possint
857 2120 996 2161 quando
1020 2122 1053 2153 et
1077 2122 1242 2162 quantum
1267 2120 1318 2153 eis
1342 2120 1515 2153 videbitur
1550 2120 1696 2153 rivulum
1733 2129 1822 2162 aque
1847 2121 2002 2154 derivare
2027 2121 2070 2154 de
2094 2119 2256 2155 eadrona
2276 2121 2315 2157 et
2343 2120 2384 2167 J=5

481 2182 674 2215 conducere
699 2182 743 2214 ad
769 2182 902 2215 hortum
929 2184 961 2215 et
987 2183 1019 2215 in
1046 2183 1180 2215 hortum
1206 2182 1373 2215 dictorum
1399 2182 1562 2222 Fratrum,
1587 2184 1688 2224 prout
1712 2185 1745 2216 et
1768 2183 1958 2216 secundum
1983 2183 2077 2226 quod
2094 2183 2187 2216 dicto
2214 2183 2314 2217 horto

480 2244 581 2277 fuerit
605 2246 847 2286 opportunum,
873 2246 905 2277 et
930 2245 1120 2277 secundum
1145 2244 1238 2286 quod
1264 2245 1366 2278 dictis
1391 2244 1565 2278 Fratribus
1583 2244 1756 2278 videbitur
1771 2247 2001 2288 opportunum
2020 2254 2082 2288 pro
2095 2245 2188 2279 dicto
2203 2243 2313 2287 horto,

483 2309 550 2339 tam
577 2316 638 2348 per
662 2309 786 2340 stratas
811 2307 969 2349 publicas
994 2309 1026 2340 et
1052 2307 1138 2347 loca,
1163 2316 1265 2349 quam
1290 2316 1352 2349 per
1375 2307 1518 2349 privata,
1544 2317 1611 2340 non
1636 2307 1794 2342 obstante
1819 2308 2088 2342 contradictione
2117 2309 2314 2343 cuiuscum-

481 2379 548 2411 que
574 2378 732 2411 persone,
758 2371 791 2402 et
816 2369 908 2411 quod
935 2369 975 2402 D.
1002 2369 1160 2403 Potestas
1185 2370 1242 2411 qui
1268 2371 1320 2402 est
1345 2371 1377 2402 et
1402 2379 1464 2411 pro
1489 2370 1702 2411 temporibus
1726 2370 1836 2411 fuerit,
1861 2371 1999 2404 vinculo
2027 2370 2241 2412 sacramenti,
2263 2358 2377 2416 top}

481 2434 600 2464 neatur
624 2434 656 2464 et
681 2432 804 2465 debeat
829 2432 878 2464 sic
896 2432 1007 2465 facere
1022 2434 1054 2464 et
1071 2441 1188 2465 curare
1207 2432 1299 2474 quod
1317 2432 1398 2465 dicti
1417 2431 1550 2465 Fratres
1567 2432 1695 2465 dictum
1714 2432 1859 2466 rivulum
1876 2442 1964 2475 aque
1979 2433 2126 2466 habeant
2139 2434 2172 2467 et
2185 2433 2312 2468 habere

482 2495 617 2535 possint
641 2494 684 2527 ad
710 2494 837 2527 dictum
863 2494 995 2526 hortum
1021 2496 1053 2527 et
1078 2496 1295 2527 manutenere
1320 2496 1353 2526 et
1377 2493 1571 2527 deffendere
1596 2494 1693 2536 ipsos
1717 2495 1750 2527 in
1775 2495 1919 2537 pacifica
1942 2496 2166 2537 possessione
2200 2494 2316 2538 predi-

482 2559 613 2589 ctorum
639 2559 672 2589 et
697 2566 764 2589 non
790 2557 948 2590 obstante
974 2556 1242 2589 contradictione
1275 2556 1459 2589 cuiuslibet
1495 2555 1640 2590 Paratici
1665 2559 1698 2590 et
1721 2556 1884 2599 Persone,
1908 2559 1941 2591 et
1965 2558 2058 2600 quod
2083 2558 2126 2591 de
2150 2552 2314 2600 predictis

483 2619 643 2651 omnibus
667 2619 725 2652 fiat
749 2621 782 2652 et
806 2618 932 2652 factum
957 2627 1035 2652 esse
1061 2618 1266 2661 intelligatur
1290 2620 1463 2658 statutum,
1489 2618 1662 2652 decretum
1679 2621 1712 2653 et
1735 2620 1927 2654 ordinatum
1952 2618 2117 2654 Comunis
2141 2619 2247 2662 Papie
2262 2620 2333 2662 inf

484 2683 707 2713 strumentum
734 2682 905 2723 precisum
931 2683 963 2714 et
989 2681 1144 2720 iuratum,
1169 2681 1262 2722 quod
1299 2681 1376 2722 ipso
1404 2682 1495 2716 tacto
1531 2682 1737 2725 intelligatur
1771 2682 1922 2725 speciale
1947 2685 1979 2716 et
2003 2682 2314 2725 speciallissimum,

484 2745 516 2775 et
541 2744 700 2776 omnibus
724 2743 801 2777 aliis
826 2744 859 2776 in
885 2744 1089 2777 contrarium
1114 2743 1319 2776 facientibus
1344 2746 1376 2777 et
1402 2745 1533 2778 iuribus
1572 2745 1847 2787 quibuscumque
1883 2745 2065 2778 cuiuslibet
2100 2744 2247 2779 Paratici
2280 2746 2316 2804 ef
2343 2730 2361 2785 χῘῗ

543 2910 574 2935 (1)
589 2910 620 2931 La
642 2910 733 2932 Carona
755 2911 767 2932 e
789 2911 843 2938 quel
864 2916 933 2933 corso
948 2911 1061 2939 d'acqua,
1083 2912 1126 2934 che
1139 2911 1213 2933 anche
1228 2911 1281 2938 oggi
1304 2912 1372 2938 quasi
1426 2912 1500 2934 storia
1524 2912 1576 2934 vedi
1599 2911 1729 2939 Rosoum,
1751 2912 1855 2938 Notlzle,
1877 2912 1924 2934 vol.
1947 2912 1974 2939 ΙΙ,
1995 2918 2049 2940 pag.
2073 2913 2118 2939 147,
2133 2913 2181 2940 m,
2195 2910 2311 2940 abug

489 2953 565 2974 lambe
580 2953 603 2975 S.
620 2953 698 2975 Pietro
713 2954 735 2975 in
751 2954 799 2976 Ciel
814 2955 886 2976 d'oro
901 2961 945 2977 con
960 2961 1007 2977 uno
1022 2955 1058 2977 dei
1074 2955 1126 2977 suoi
1142 2955 1208 2977 rami.
1224 2955 1252 2977 Di
1267 2955 1373 2982 grandis·
1427 2956 1520 2978 volume
1535 2956 1572 2983 ΙΙΙ,
1587 2961 1641 2983 pag.
1656 2955 1691 2983 ⁴6,
1705 2956 1741 2983 51,
1754 2956 1807 2983 23⁴:
1821 2956 1868 2978 vol.
1885 2956 1922 2983 Ν,
1937 2957 2006 2983 parte
2020 2956 2047 2983 ΙΙ,
2063 2962 2117 2984 pag,
2134 2956 2180 2983 10⁷,
2197 2956 2242 2984 lae,
2256 2955 2311 2984 ης
2334 2948 2374 2997 ,ἐζ
2391 2979 2393 2981 ,

490 2998 549 3019 sima
563 2997 709 3024 importanza
725 3004 766 3025 per
781 2999 786 3020 i
802 2999 874 3025 tempi
890 2999 988 3026 passati,
1010 3005 1064 3021 essa
1085 3005 1153 3022 serve
1174 3000 1247 3022 anche
1262 2999 1315 3026 oggi
1331 3005 1373 3026 per
1428 2999 1551 3022 ῦΑΕΤΑΝο
1565 2999 1684 3027 ΕΛΡεοΝΙ,
1699 2999 1796 3022 Nouzle
1803 3000 1971 3027 rrsguaraantt
1984 3000 2009 3022 la
2025 3000 2092 3023 cura
2101 3000 2128 3022 dt
2136 3000 2218 3027 Pavla,
2230 2999 2311 3028 Ρινίι,

491 3047 601 3063 muovere
616 3042 694 3063 molini
709 3048 722 3064 e
737 3043 856 3064 macchine
870 3043 995 3070 d'opiticii,
1012 3049 1053 3070 per
1067 3044 1159 3070 l'igiene
1174 3043 1197 3065 di
1208 3044 1311 3070 pubblici
1326 3044 1374 3066 sta-
1429 3043 1492 3070 Fusi,
1509 3043 1567 3070 1879,
1583 3049 1637 3070 pag.
1651 3044 1700 3070 2⁴4,
1715 3049 1779 3071 sega
1793 3049 1807 3066 e
1823 3043 1848 3066 P.
1865 3043 1962 3071 PAVESI.
1977 3044 1998 3066 11
2013 3043 2106 3067 Canale
2125 3044 2192 3067 della
2205 3044 2310 3072 ΜαΙονε.
2330 3054 2386 3078 4ss-

491 3086 613 3113 bilimenti,
634 3091 676 3112 per
696 3086 718 3108 la
740 3087 868 3109 mondezza
889 3087 949 3109 della
971 3087 1008 3109 via
1030 3088 1158 3114 principale
1172 3093 1221 3110 ecc.
1237 3087 1280 3110 Per
1294 3088 1316 3110 13
1330 3093 1374 3110 sua
1430 3087 1509 3115 Pavia‚
1524 3087 1567 3114 tip.
1583 3087 1642 3114 Pop.
1659 3087 1717 3110 iun.
