2496 3600
493 0 747 23 '‘Lbfffflfissz‘zlss‘ss'sfl
768 0 773 13 .-
797 0 855 19 ν·-

1958 267 1996 299 21

187 391 279 434 apud
304 391 416 434 ipsum
441 392 681 425 monasterium
705 392 830 425 habere
854 394 997 434 possent
1021 392 1132 426 locum
1157 393 1393 433 habitacionis,
1419 404 1485 427 non
1503 395 1722 429 diminuendo
1746 399 1857 430 tamen
1883 398 1915 430 in
1940 399 2000 431 ali-

187 462 257 496 quo
273 453 326 486 ius
350 454 383 486 et
406 453 567 487 honorem
591 455 624 487 et
648 454 828 487 comodum
853 456 886 487 et
910 454 1086 488 utilitatem
1103 455 1256 488 eiusdem
1274 457 1467 489 monasterii
1485 442 1598 490 Sancti
1613 456 1713 498 Petri,
1727 468 1789 491 nec
1803 458 1947 492 Abbatis
1968 462 2000 493 et

189 514 339 549 Fratrum
356 516 549 548 monasterii
563 516 796 558 suprascripti.
810 515 887 555 Qua
900 517 1123 558 responsione
1137 517 1187 550 sic
1211 517 1300 550 facta
1324 527 1384 559 per
1400 518 1526 551 dictum
1539 518 1673 552 fratrem
1692 518 1893 562 Gyrardum,
1915 522 2003 554 idem

189 577 348 611 dominus
371 577 490 610 Abbas
514 578 633 610 iterato
657 578 743 610 dixit
767 578 876 611 eidem
902 578 1005 620 quod,
1031 579 1317 621 quandocumque
1341 579 1427 613 tales
1451 580 1558 613 littere
1583 582 1771 623 apostolice
1803 585 2004 624 apparerent

189 641 223 673 et
246 639 312 681 ipsi
336 639 474 672 domino
498 639 622 672 Abbati
647 640 916 680 ostenderentur,
941 641 1015 682 ipse
1040 642 1132 673 esset
1156 643 1294 682 paratus
1323 642 1491 675 mandatis
1515 641 1642 675 Summi
1669 642 1843 677 Pontificis
1873 645 1905 677 in
1935 655 2006 678 om-

189 702 291 735 nibus
315 701 453 735 obedire
477 699 540 743 (1).
565 701 606 734 Et
629 702 707 735 inde
732 702 774 735 de
799 702 961 744 predictis
985 703 1144 735 omnibus
1168 703 1248 736 dicti
1274 706 1512 745 protestantes,
1537 707 1569 737 et
1593 706 1737 747 quilibet
1761 707 1922 748 ipsorum,
1947 718 2008 741 vo-

190 764 323 798 luerunt
345 764 416 797 fieri
441 764 639 806 pubblicum
676 765 944 804 instrumentum,
981 765 1197 806 presentibus
1233 766 1421 807 presbitero
1458 766 1635 800 Homodeo
1670 768 1835 810 capelano
1871 771 2007 803 maioris

190 826 335 860 ecclesie
359 826 536 868 papiensis
560 828 592 859 et
617 826 717 859 Petro
741 825 934 860 Sclafenato
959 827 1082 860 clerico
1107 829 1139 860 et
1163 829 1329 861 canonico
1353 829 1498 862 ecclesie
1523 828 1645 862 Sancte
1670 830 1778 864 Marie
1804 832 1835 863 in
1861 833 2007 874 pertica,

189 889 336 922 testibus
360 889 403 922 ad
428 889 580 931 predicta
604 890 746 922 vocatis.

280 951 352 994 Ego
377 950 589 994 Augustinus
621 951 817 984 Panizarius
853 952 1017 993 imperiali
1053 953 1252 986 auctoritate
1277 954 1439 993 notarius,
1472 955 1634 995 predictis
1670 955 1829 988 omnibus
1865 958 2008 990 vocatus

191 1022 334 1056 presens
357 1013 404 1046 fui
429 1015 462 1047 et
486 1014 572 1047 hanc
597 1015 733 1053 cartam,
758 1014 800 1047 de
825 1014 984 1047 mandato
1008 1016 1041 1047 et
1076 1015 1248 1048 voluntate
1273 1015 1500 1057 predictorum
1525 1018 1799 1058 protestancium,
1827 1018 1949 1051 tradidi
1975 1020 2007 1051 et

180 1077 325 1118 scripsi,
350 1085 529 1118 meumque
554 1085 676 1109 nomen
701 1078 733 1110 et
758 1077 891 1119 signum
916 1076 1052 1110 solitum
1077 1078 1223 1119 apposui
1249 1078 1281 1110 in
1305 1078 1533 1111 testimonium
1558 1080 1809 1121 premissorum.

1073 1333 1139 1374 X.

260 1442 289 1472 11
313 1442 437 1472 Priore
461 1441 634 1472 Gener-ale
658 1441 858 1479 Guglielmo
882 1442 928 1472 da
953 1442 1126 1472 Cremona
1150 1443 1270 1480 elegge
1295 1443 1373 1472 suoi
1409 1443 1629 1480 procuratori
1653 1444 1665 1473 i
1690 1444 1788 1473 Frati
1813 1445 2011 1474 Lanfranco

194 1504 241 1534 da
263 1487 398 1534 Milano
422 1513 441 1533 e
466 1503 626 1534 Gerardo
650 1503 696 1533 da
720 1504 896 1541 Bergamo
919 1512 982 1541 per
1005 1504 1404 1534 trattare‘coll’Abbate
1419 1505 1454 1534 di
1472 1505 1508 1534 S.
1527 1505 1647 1534 Pietro
1671 1505 1706 1534 in
1724 1505 1798 1535 Ciel
1824 1505 1933 1535 d‘Oro
1950 1503 2012 1547 (2).

848 1626 1009 1659 1327,
1029 1633 1251 1659 marzo,
1271 1627 1362 1653 23.

667 1714 772 1740 (Bibliot.
787 1714 894 1737 Univers.
910 1715 933 1736 dl
949 1714 1028 1742 pavia.
1044 1714 1102 1737 eod.
1118 1721 1140 1737 n.
1155 1715 1196 1737 428
1209 1726 1235 1730 --
1250 1714 1317 1742 Perg.
1333 1715 1356 1737 di
1371 1714 1394 1737 S.
1411 1715 1542 1742 Agostino).

298 1899 347 2016 I
436 1918 462 1946 N
486 1914 621 1947 nomine
646 1913 782 1946 Domini
807 1923 915 1947 amen.
940 1913 1105 1947 Noverint
1145 1914 1293 1947 universi
1331 1914 1395 1947 hoc
1431 1923 1573 1955 presens
1606 1914 1779 1956 publicum
1812 1915 2013 1947 instrumen-

458 1977 528 2008 tum
553 1976 737 2017 inspecturi
762 1977 794 2008 et
818 1976 918 2008 etiam
942 1976 1099 2015 audituri,
1124 1976 1216 2018 quod
1241 1986 1330 2009 anno
1355 1977 1507 2010 eiusdem
1532 1976 1667 2009 Domini
1693 1977 1871 2010 millesimo
1887 1979 2017 2010 trecen-

457 2037 581 2071 tesimo
620 2038 785 2071 vicesimo
825 2038 981 2080 septimo,
1006 2038 1190 2072 indictione
1227 2040 1416 2079 undecima,
1442 2040 1569 2073 mensis
1605 2040 1724 2072 Marcii
1761 2039 1815 2072 die
1852 2040 2014 2072 vicesima

193 2099 328 2141 quinta,
364 2099 587 2133 Pontificatus
622 2098 835 2133 Sanctissimi
871 2099 982 2133 Patris
1018 2102 1050 2133 et
1085 2101 1211 2133 domini
1248 2102 1353 2134 nostri
1389 2102 1516 2134 domini
1548 2101 1712 2144 Johannis
1748 2102 1863 2134 divina
1899 2101 2016 2134 Provi-

194 2160 315 2194 dencia
350 2160 444 2204 Pape
480 2161 569 2195 XXll
605 2171 695 2195 anno
719 2162 787 2202 Xll,
813 2163 846 2194 in
871 2163 1049 2204 presencia
1085 2163 1148 2196 mei
1186 2164 1304 2196 notarii
1341 2163 1468 2205 publici
1505 2166 1537 2196 et
1572 2163 1707 2196 testium
1736 2164 2015 2205 subscriptorum,

160 2235 162 2237 >
195 2224 402 2257 reverendus
427 2225 460 2256 in
485 2222 621 2258 Christo
645 2226 742 2266 pater
764 2224 866 2258 frater
897 2223 1104 2258 Guillermus
1129 2225 1171 2258 de
1196 2223 1364 2258 Cremona
1388 2225 1484 2258 Prior
1507 2225 1674 2268 generalis
1710 2224 1848 2258 Ordinis
1879 2225 2016 2266 fratrum

197 2285 440 2319 Heremitarurn
464 2287 572 2320 sancti
597 2286 778 2329 Augustini
803 2289 836 2320 et
860 2296 956 2320 sacre
981 2286 1145 2329 Teologie
1171 2288 1341 2330 magister,
1358 2287 1581 2329 personaliter
1597 2288 1800 2320 constitutus
1817 2287 1905 2327 fecit,
1923 2296 2016 2320 crea-

197 2347 255 2388 vit,
279 2349 453 2382 constituit
477 2351 509 2382 et
533 2349 712 2389 ordinavit,
737 2349 871 2382 nomine
897 2358 960 2382 suo
985 2351 1017 2382 et
1041 2350 1176 2382 nomine
1200 2350 1311 2383 tocius
1335 2349 1474 2383 Ordinis
1499 2350 1551 2383 sui
1569 2350 1721 2392 predicti,
1739 2358 1822 2382 suos
1838 2349 2014 2392 generales

197 2411 230 2443 et
253 2409 421 2452 speciales
445 2412 693 2452 procuratores,
718 2412 861 2451 actores,
886 2411 1048 2451 sindicos,
1073 2410 1272 2444 defensores
1296 2414 1329 2444 et
1353 2412 1570 2454 negociorum
1595 2414 1747 2453 gestores
1773 2411 1950 2453 religiosos
1967 2411 2017 2443 vi-

198 2480 254 2506 ros
290 2471 422 2506 Fratres
457 2473 679 2506 Lanfrancum
704 2473 746 2506 de
771 2473 969 2506 Mediolano
994 2470 1045 2515 (3)
1077 2482 1173 2506 sacre
1209 2474 1332 2516 pagine
1368 2474 1563 2516 magistrum
1589 2475 1620 2506 et
1649 2472 1835 2506 Gerardum
1865 2473 1906 2506 de
1935 2472 2016 2505 Per-

198 2543 297 2577 gamo
321 2531 372 2576 (4)
397 2535 549 2568 eiusdem
574 2544 670 2568 sacre
695 2536 818 2578 pagine
843 2535 1060 2575 bacalarium,
1084 2536 1208 2577 pariter
1232 2536 1311 2569 dicti
1337 2535 1486 2575 Ordinis,
1511 2538 1543 2569 et
1568 2535 1750 2577 quemlibet
1775 2544 1889 2568 eorum
1915 2535 1947 2567 in
1961 2543 2018 2568 so—

199 2595 314 2637 lidum,
338 2597 384 2630 ita
407 2597 500 2639 quod
525 2607 592 2630 non
618 2598 660 2630 sit
685 2597 803 2630 melior
826 2598 996 2631 condictio
1033 2599 1233 2640 occupantis
1258 2598 1311 2631 vel
1336 2598 1575 2640 prevenientis;
1600 2597 1660 2630 sed
1686 2597 1777 2638 quod
1815 2606 1875 2639 per
1914 2606 2016 2629 unum

199 2661 401 2702 occupatum
427 2660 480 2693 vel
505 2662 704 2702 preventum
740 2659 839 2693 fuerit
863 2669 924 2702 per
946 2660 1048 2693 alium
1074 2661 1197 2693 resumi
1223 2661 1333 2702 possit
1357 2662 1389 2693 et
1421 2660 1463 2693 ad
1489 2660 1643 2692 effectum
1675 2659 1827 2701 perduci,
1864 2659 1950 2692 dans
1986 2661 2019 2692 et

256 2815 287 2844 (l)
301 2817 336 2840 Du
351 2819 436 2845 questo
457 2817 598 2840 documento
618 2818 742 2845 apparisce
763 2818 840 2840 chiara
855 2818 876 2840 la
891 2818 978 2845 grande
999 2818 1084 2845 impor-
1138 2818 1193 2845 tara,
1208 2818 1238 2839 da
1252 2818 1289 2840 cui
1304 2823 1343 2839 era
1357 2817 1394 2844 gia
1410 2817 1485 2839 uscito
1500 2817 1576 2838 l'altro
1592 2816 1727 2843 lanfranco,
1743 2817 1817 2843 primo
1837 2816 1948 2839 Generule
1969 2816 2017 2839 dei-

205 2861 282 2889 ὴιιιι,
296 2862 339 2884 elie
352 2862 372 2884 sl
387 2862 454 2884 diede
468 2862 491 2884 in
506 2862 577 2885 Pavia
591 2862 637 2884 alla
651 2862 738 2884 notizia
753 2862 813 2884 della
836 2862 988 2884 concessione
1009 2863 1084 2889 ponti·
1137 2861 1241 2884 i'Ordine
1255 2862 1318 2888 dopo
1333 2861 1354 2883 la
1369 2861 1461 2883 Grande
1475 2860 1572 2884 Unlone.
1587 2860 1699 2883 virtuoso
1720 2866 1786 2882 come
1801 2860 1815 2882 il
1830 2866 1874 2882 suo
1895 2862 2015 2888 antenato,

205 2905 257 2928 licia
270 2906 316 2934 agii
330 2906 462 2929 Eremitanl.
478 2907 510 2929 La
524 2907 677 2934 impressione
691 2906 784 2929 destata
799 2907 880 2929 risulta
895 2906 924 2928 da
940 2907 1025 2934 questo
1046 2906 1087 2929 do·
1139 2905 1164 2928 lu
1178 2907 1277 2927 onorato
1291 2905 1321 2927 da
1335 2905 1448 2927 Giovanni
1462 2905 1566 2927 visconti
1581 2905 1732 2927 arcivescovo
1746 2910 1759 2927 e
1773 2905 1866 2932 signore
1880 2905 1903 2926 di
1918 2905 2014 2932 muana,

204 2951 313 2972 eumenio
326 2950 417 2978 spozila
431 2950 454 2973 di
468 2952 584 2974 carattere
598 2951 675 2978 ostile,
689 2951 741 2973 anzi
756 2952 818 2973 tutta
833 2951 855 2972 in
869 2950 957 2973 lavore.
1138 2950 1161 2972 di
1175 2949 1212 2972 cui
1235 2955 1274 2972 ern
1289 2949 1303 2971 il
1318 2948 1459 2971 confessore.
1481 2948 1542 2971 Mori
1563 2949 1600 2971 nel
1623 2949 1680 2972 1355.
1703 2948 1750 2971 eir,
1772 2948 1889 2977 Tomi-1,
1910 2949 1955 2971 vol.
1978 2949 2015 2976 Vl,

257 2993 290 3021 (2)
303 2993 332 3017 Dl
346 2995 432 3022 questo
446 2994 587 3017 documento
605 2995 677 3017 esiste
697 2995 765 3022 copia
788 2994 895 3017 sincrona
916 2994 1085 3017 nell'Arehlvio
1139 2999 1193 3021 pag.
1210 2994 1242 3016 17.

185 3046 187 3049 ⁴
205 3037 228 3060 di
242 3037 310 3061 stato
323 3038 346 3061 di
361 3039 449 3062 miano
462 3038 497 3061 ira
511 3039 532 3062 ie
547 3044 686 3067 pergamene
700 3039 723 3061 di
738 3038 762 3061 S.
773 3038 851 3061 Pietro
861 3039 883 3061 in
894 3038 942 3062 ciel
953 3039 1033 3065 d'Oro;
1044 3044 1081 3060 ma
1188 3037 1219 3063 (4)
1234 3031 1251 3059 Ε
1266 3038 1288 3059 io
1303 3038 1381 3060 stesso
1400 3037 1504 3060 oerardo
1527 3037 1556 3060 da
1578 3037 1700 3065 Bergamo,
1723 3037 1745 3059 di
1767 3037 1803 3060 cui
1825 3038 1935 3060 abbiamo
1956 3037 2017 3060 {atto

206 3081 229 3104 in
243 3087 296 3105 ensa
310 3088 370 3106 sono
384 3083 511 3106 trulascintl
526 3083 532 3106 l
548 3084 615 3111 patti.
1138 3087 1212 3104 cenno
1226 3081 1285 3103 nelle
1299 3082 1354 3104 note
1368 3081 1405 3104 dei
1420 3081 1561 3104 documento
1575 3082 1722 3109 precedente.

258 3124 289 3152 (3)
304 3125 430 3149 Lnniranco
444 3126 474 3149 da
489 3127 577 3150 milano
591 3127 615 3149 lu
630 3127 691 3150 della
705 3127 783 3149 nobile
797 3127 898 3154 iamiglia
913 3126 1023 3149 miianese
1037 3126 1088 3149 Set-
