2496 3600
1053 481 1143 521 IV.

275 590 410 628 Ospino
434 589 660 619 arcidiacono
685 598 704 618 e
727 589 864 618 vicario
888 589 1082 625 vescovile,
1121 589 1237 619 Guido
1271 593 1440 627 prevosto
1465 589 1501 618 di
1526 590 1561 618 S.
1597 589 1767 618 Mostiola
1793 599 1811 618 e
1836 590 1861 618 il
1900 590 2004 627 Capi-

185 644 260 675 tolo
283 643 378 674 della
401 642 603 673 Cattedrale
628 642 660 671 si
684 641 874 678 obbligano
914 651 1019 671 verso
1044 642 1069 671 il
1102 642 1224 671 Priore
1257 642 1350 679 degli
1378 642 1573 671 Eremitani
1603 642 1639 671 di
1671 646 1827 671 ottenere
1860 643 1893 671 la
1923 651 2005 672 con-

181 698 300 728 ·serma
323 696 382 726 dal
406 696 573 725 Vescovo
598 695 713 724 Guido
737 703 799 732 per
823 694 856 723 1e
880 695 1035 724 cessioni
1059 695 1153 724 della
1178 695 1299 724 chiesa
1323 704 1342 724 e
1366 696 1458 725 delle
1483 704 1566 739 case
1591 695 1626 724 di
1651 695 1687 725 S.
1713 695 1892 727 Mostiola.

875 826 1031 859 1277,
1050 826 1252 859 apr-ne,
1271 827 1324 852 2.

748 921 825 947 (Arch.
841 922 864 943 di
879 922 955 949 Stato,
970 923 1059 944 Milano
1077 934 1099 938 -
1115 923 1220 950 Pergam.
1236 923 1258 944 di
1274 923 1297 945 S.
1313 923 1442 950 Mostiola).

296 1108 335 1224 Δ·
424 1123 509 1152 *NNO
534 1119 718 1152 nativitatis
743 1118 877 1151 Domini
903 1119 1081 1152 millesimo
1106 1120 1328 1153 ducentesino
1353 1121 1605 1162 septuagesimo
1631 1122 1797 1162 septimo,
1823 1122 2005 1154 indictione

452 1182 579 1224 quinta,
592 1182 646 1214 die
661 1182 795 1214 veneris
812 1182 964 1214 secundo
981 1183 1108 1215 mensis
1121 1182 1248 1224 aprilis,
1267 1183 1298 1214 in
1313 1182 1428 1224 Papia.
1444 1181 1529 1216 Cum
1547 1182 1746 1225 Prepositus
1770 1184 1912 1216 ecclesie
1928 1193 2005 1216 san—

452 1246 504 1278 cte
518 1244 679 1278 Mustiole
692 1244 831 1277 fecisset
848 1245 1083 1277 vendicionem
1101 1247 1133 1278 et
1150 1245 1369 1277 tradicionem
1387 1245 1476 1277 fratri
1496 1245 1658 1278 Ubertino
1677 1246 1718 1278 de
1735 1246 1883 1278 Novaria
1901 1246 2006 1278 Priori

73 1303 98 1326 ³⁶
128 1324 130 1326 ·
183 1307 327 1342 vOrdinis
351 1310 383 1341 et
407 1306 606 1341 Conventus
631 1307 781 1340 Fratrum
815 1297 1058 1340 Heremitarum
1083 1308 1125 1340 de
1151 1307 1267 1349 Papia,
1293 1307 1426 1339 nomine
1452 1308 1560 1349 ipsius
1585 1306 1723 1340 Ordinis
1748 1310 1780 1340 et
1798 1306 2005 1347 Conventus,

188 1370 230 1404 de
266 1370 416 1412 quodam
452 1370 617 1405 sedimine
642 1371 674 1402 et
698 1370 858 1402 domibus
882 1371 915 1402 et
939 1372 1012 1402 orto
1036 1367 1098 1411 (l);
1123 1371 1155 1402 et
1180 1379 1255 1402 cum
1281 1370 1438 1402 dominus
1463 1370 1622 1411 magister
1640 1369 1814 1411 Hospinus
1839 1371 2005 1403 archidia-

187 1441 294 1465 conus
318 1431 424 1473 Papie
449 1433 481 1464 et
505 1431 652 1464 vicarius
677 1431 803 1464 domini
829 1431 990 1473 Episcopi
1017 1431 1122 1473 Papie
1147 1434 1179 1464 et
1204 1431 1432 1473 Episcopatus
1457 1430 1572 1472 Papie,
1613 1432 1747 1464 nomine
1784 1432 1892 1473 ipsius
1929 1432 2008 1473 Epi-

187 1494 283 1535 scopi
307 1495 340 1526 et
357 1493 595 1535 Episcopatus,
621 1495 653 1526 et
677 1493 788 1526 dictus
813 1493 971 1526 dominus
996 1492 1110 1526 Guido
1135 1494 1330 1534 prepositus
1354 1493 1498 1526 ecclesie
1524 1495 1639 1526 sancte
1658 1493 1835 1532 Mustiole,
1866 1494 1906 1530 de
1926 1503 2006 1526 con-

187 1564 291 1589 sensu
324 1554 471 1598 Capituli
504 1556 640 1588 maioris
665 1555 809 1589 ecclesie
834 1553 950 1598 Pap'ie,
975 1557 1008 1588 et
1032 1556 1144 1597 ipsum
1169 1554 1362 1597 Capitulum
1387 1555 1548 1588 fecissent
1573 1555 1795 1588 donacionem
1820 1557 1851 1588 et
1869 1564 2009 1588 conces-

186 1617 317 1651 sionem
342 1618 574 1660 suprascripto
598 1617 716 1657 Priori,
752 1618 985 1659 suprascripto
1021 1618 1166 1657 nomine,
1191 1618 1233 1650 de
1265 1617 1411 1650 ecclesia
1435 1619 1551 1650 sancte
1588 1617 1749 1650 Mustiole
1775 1619 1806 1649 et
1846 1618 2008 1650 cimiterio

185 1680 295 1722 ipsius
319 1681 351 1713 et
375 1679 584 1722 aliquantulo
608 1680 681 1720 orti,
707 1682 742 1713 ut
766 1681 956 1713 continetur
979 1681 1012 1712 in
1037 1680 1139 1713 cartis
1163 1680 1243 1712 mihi
1267 1680 1399 1712 traditis
1428 1689 1488 1721 per
1516 1679 1764 1721 infrascriptum
1790 1678 2008 1721 Gregorium,

185 1741 266 1775 dicti
291 1741 560 1775 Archidiaconus
578 1744 610 1775 et
627 1741 836 1784 Preposstus,
862 1743 996 1775 nomine
1021 1742 1165 1775 ecclesie
1190 1744 1306 1775 sancte
1331 1741 1505 1782 Mustiole,
1524 1743 1556 1774 et
1573 1742 1699 1774 dictum
1725 1740 1928 1783 Capitulum,
1952 1751 2012 1774 no-

186 1804 276 1837 mine
301 1804 437 1837 maioris
461 1804 606 1837 ecclesie
631 1804 748 1846 Papie‚
773 1806 849 1838 ante
874 1805 1045 1846 predictas
1076 1805 1323 1844 vendicionem,
1359 1804 1589 1844 tradicionem,
1625 1804 1848 1837 donacionem
1873 1806 1905 1836 et
1930 1813 2010 1836 con—

185 1866 387 1906 cessionem,
412 1868 557 1908 etpost,
585 1868 618 1899 et
643 1867 675 1899 in
712 1867 819 1909 ipsis,
856 1869 888 1900 et
925 1867 1155 1906 incontinenti,
1181 1868 1412 1900 convenerunt
1447 1868 1479 1899 et
1515 1867 1740 1908 promiserunt
1776 1867 2007 1908 suprascripto

187 1926 304 1968 Priori,
329 1929 562 1970 suprascripto
587 1929 732 1969 nomine,
757 1938 794 1962 se
818 1929 968 1962 facturos
993 1931 1025 1962 et
1049 1931 1224 1962 curaturos
1249 1929 1298 1961 sic
1324 1928 1426 1970 quod,
1452 1937 1560 1970 usque
1585 1928 1628 1961 ad
1653 1928 1775 1961 festum
1807 1928 1914 1961 sancti
1945 1928 2011 1960 Mi-

134 2004 135 2007 *
187 1989 315 2023 chaelis
338 1990 541 2032 proximum,
570 1990 728 2024 dominus
753 1989 867 2024 Guido
891 1990 954 2024 Dei
980 1992 1093 2033 gracia
1123 1991 1316 2032 Episcopus
1352 1990 1457 2032 Papie
1482 1990 1661 2032 aprobabit
1685 1992 1717 2023 et
1742 1990 1951 2023 confirmabit
1976 1990 2008 2022 in

187 2052 346 2086 omnibus
370 2054 402 2085 et
425 2061 486 2094 per
514 2053 626 2086 omnia
661 2053 833 2095 predictas
869 2053 1122 2093 vendicionem,
1159 2053 1435 2092 concessionem,
1461 2053 1695 2092 donacionem,
1721 2054 1752 2085 et
1777 2053 1888 2085 omnia
1913 2061 1952 2084 ea
1979 2054 2010 2084 et

188 2114 323 2157 singula
339 2123 405 2156 que
427 2115 460 2147 in
482 2115 568 2157 ipsis
593 2115 805 2156 vendicione‚
830 2115 1053 2148 cOncessione
1079 2117 1111 2148 et
1135 2116 1324 2148 donacione
1349 2115 1569 2154 continentur,
1595 2116 1627 2147 et
1651 2115 1743 2156 quod
1768 2123 1787 2146 a
1812 2123 1848 2147 se
1874 2114 2009 2146 omnino

188 2175 331 2209 similem
367 2177 624 2210 concessionem
649 2179 681 2210 et
705 2177 929 2210 donacionem
965 2177 1076 2218 faciet,
1101 2179 1133 2210 et
1157 2178 1270 2210 omnia
1305 2177 1386 2217 alia,
1411 2177 1696 2219 quemadmodum
1732 2177 1811 2209 dicti
1837 2175 2012 2208 Archidia-

189 2244 307 2278 conus,
331 2237 532 2281 Prepositus
556 2241 588 2272 et
613 2237 807 2281 Capitulum
832 2240 983 2273 fecerunt
1008 2240 1040 2272 in
1065 2240 1223 2272 omnibus
1248 2242 1280 2272 et
1304 2249 1365 2281 per
1388 2239 1509 2272 omnia:
1537 2239 1576 2271 Et
1601 2239 1628 2272 si
1655 2239 1805 2280 predicta
1830 2247 1895 2270 non
1921 2238 2010 2270 fece-

190 2300 254 2334 rint
277 2302 310 2334 et
333 2301 534 2334 attenderint
558 2303 591 2334 et
615 2302 881 2342 observaverint,
907 2303 1132 2344 promiserunt
1157 2302 1236 2335 dare
1262 2304 1294 2335 et
1318 2301 1450 2335 solvere
1476 2301 1566 2334 dicto
1606 2300 1722 2340 Priori,
1760 2301 1892 2333 nomine
1929 2300 2008 2332 dicti

191 2361 330 2396 Ordinis
362 2365 394 2396 et
418 2356 627 2404 Conventus,
652 2366 685 2397 et
710 2365 883 2397 restituere
920 2365 1104 2406 dampnum
1129 2366 1161 2397 et
1186 2365 1348 2397 interesse
1374 2366 1406 2396 et
1430 2373 1491 2405 pro
1527 2363 1675 2405 dampno
1711 2365 1743 2395 et
1779 2363 1940 2394 interesse
1978 2364 2009 2393 et

192 2433 280 2466 pena
310 2424 414 2458 libras
450 2426 831 2468 centumquinquaginta
859 2425 975 2468 Papie,
1001 2426 1092 2467 quod
1122 2426 1305 2467 dampnum
1341 2427 1373 2458 et
1410 2426 1572 2458 interesse
1608 2434 1651 2457 ex
1688 2433 1775 2456 nunc
1812 2423 2010 2455 confitentur

191 2486 319 2519 tantum
343 2495 431 2520 esse:
456 2496 542 2529 quas
578 2487 682 2520 libras
713 2488 1095 2530 centumquinquaginta
1119 2487 1224 2529 Papie
1249 2487 1328 2520 dicti
1347 2486 1625 2525 Archidiaconus,
1640 2483 1832 2527 Capitulum
1851 2486 1882 2516 et
1900 2482 2011 2517 Cano—

193 2548 258 2581 nici
282 2548 430 2582 confessi
454 2549 589 2582 fuerunt
620 2558 741 2582 versus
769 2549 895 2582 dictum
920 2549 1080 2589 Priorem,
1117 2549 1250 2581 nomine
1275 2549 1355 2581 dicti
1380 2547 1518 2581 Ordinis
1543 2549 1574 2580 et
1599 2545 1808 2585 Conventus,
1833 2554 1939 2588 penes
1972 2554 2008 2578 se

194 2609 318 2643 habere
341 2611 375 2643 in
399 2611 568 2653 deposito,
593 2613 625 2644 et
649 2612 900 2653 suprascriptas
925 2611 1028 2644 libras
1053 2611 1433 2652 centumquinquaginta
1457 2609 1561 2651 Papie
1587 2619 1605 2641 a
1623 2609 1712 2641 dicto
1730 2608 1870 2641 termino
1895 2608 1926 2640 in
1952 2617 2011 2640 an-

194 2673 248 2705 tea
271 2673 515 2714 promisserunt
540 2674 630 2713 dare,
656 2674 796 2706 reddere
821 2675 853 2706 et
878 2674 1062 2713 restituere,
1088 2673 1320 2715 suprascripto
1356 2673 1499 2711 nomine,
1525 2673 1556 2704 et
1581 2672 1654 2703 eius
1687 2671 1965 2709 successoribus,.
1982 2670 2008 2702 si

195 2733 260 2776 ipsi
285 2743 351 2767 non
386 2735 587 2768 attenderint
611 2737 643 2768 et
667 2736 923 2768 observaverint
959 2738 991 2768 et
1027 2736 1138 2768 dictus
1174 2735 1331 2767 dominus
1364 2734 1555 2775 Episcopus
1591 2733 1703 2765 omnia
1727 2735 1759 2765 et
1784 2733 1916 2774 singula
1952 2742 2012 2774 per

195 2795 292 2838 ipsos
315 2797 406 2830 dicto
434 2797 551 2838 Priori,
576 2798 809 2840 suprascripto
834 2798 978 2837 nomine,
1008 2798 1186 2839 promissa,
1212 2799 1310 2838 prout
1335 2796 1493 2837 superius
1518 2795 1717 2834 continetur;
1737 2797 1768 2827 et
1786 2795 1813 2827 si
1839 2795 2011 2836 predictos

197 2857 354 2892 danarios
378 2859 487 2892 eidem
505 2858 631 2899 Priori,
656 2860 889 2901 suprascripto
914 2859 1060 2894 nomine,
1088 2868 1154 2891 non
1179 2858 1343 2897 dederint,
1369 2859 1403 2889 ut
1429 2857 1698 2898 suprascriptum
1724 2858 1785 2895 est,
1804 2856 1894 2897 quod
1914 2856 2012 2889 liceat

197 2919 288 2953 dicto
312 2919 429 2962 Priori,
453 2921 686 2963 suprascripto
711 2922 855 2960 nomine,
881 2921 1133 2962 suprascriptos
1159 2920 1317 2953 denarios
1342 2918 1484 2951 mutuari
1510 2918 1552 2951 ad
1578 2918 1746 2951 cambium
1772 2918 1824 2951 vel
1850 2918 1928 2951 alibi
1955 2918 2010 2950 ubi

198 2981 228 3014 ei
253 2982 361 3025 magis
395 2982 559 3025 placuerit
583 2984 615 3016 et
640 2983 731 3025 quod
826 2983 919 3016 alteri
956 2982 1188 3024 suprascripto
1225 2981 1358 3013 nomine
1395 2980 1524 3013 dederit
1560 2980 1612 3013 vel
1649 2981 1844 3013 convenerit
1879 2989 1939 3013 seu
1969 2980 2010 3012 de

255 3136 287 3164 (l)
299 3137 351 3161 Non
364 3138 473 3161 abbiamo
487 3139 581 3161 trovato
595 3138 610 3160 il
625 3137 774 3166 documento,
791 3139 833 3160 che
847 3138 867 3160 si
882 3138 983 3160 nferisce
997 3143 1011 3159 a
1027 3143 1081 3165 que-
1134 3138 1172 3159 sta
1186 3137 1288 3160 vendita.
1303 3136 1426 3160 Crediamo
1440 3137 1460 3159 si
1475 3137 1539 3159 tratti
1555 3137 1614 3159 della
1629 3136 1744 3160 canonica
1760 3136 1781 3158 di
1797 3136 1819 3158 S.
1836 3137 1954 3165 Mostiola.
