2496 3600
477 224 522 259 96

474 359 519 392 de
544 359 670 401 quibus
695 359 820 401 petitur
844 358 1002 391 vendicio
1027 357 1234 400 supradicta,
1270 357 1406 399 plenam
1443 356 1603 390 noticiam
1628 366 1695 390 non
1729 357 1888 398 habebat,
1924 357 2076 392 idcircho
2111 358 2305 402 adsumpsit

472 423 507 454 et
531 421 633 464 elegit
658 421 691 454 in
716 429 799 454 suos
824 420 1060 454 consciliarios
1099 419 1282 453 {ohannem
1318 418 1538 452 Trabuchum
1563 420 1596 452 et
1621 418 1839 453 lacomollum
1878 419 2108 454 Maxinarium
2143 422 2304 464 expertes

475 484 508 516 in
533 483 660 517 talibus
685 485 717 517 et
741 483 908 516 habentes
933 482 1092 515 noticiam
1117 482 1160 514 de
1185 481 1360 523 predictis,
1384 481 1428 514 ad
1453 481 1519 514 sibi
1545 481 1817 515 consciliandum
1842 482 1935 524 quod
1959 482 2203 517 essetiustum
2226 491 2305 526 pre-
2343 471 2386 522 ij'·

473 546 563 579 cium
589 546 829 588 predictorum.
855 544 895 577 Et
920 545 1000 586 quia
1026 544 1115 576 idem
1142 543 1310 577 lohannes
1333 545 1366 576 et
1391 543 1595 576 lacomollus
1619 543 1712 577 vixis
1736 544 1831 586 prius
1855 553 1917 586 per
1939 553 2001 578 eos
2025 545 2127 579 dictis
2142 545 2304 580 domibus
2359 566 2392 586 ,ς

474 608 725 641 examinatione
751 609 783 640 et
808 607 1052 646 deliberatione
1078 605 1256 647 prehabita
1281 605 1499 647 presentibus
1531 614 1584 639 me
1609 606 1742 639 notario
1765 607 1799 639 et
1822 606 1969 640 testibus
2004 607 2228 650 infrascriptis
2261 616 2304 642 ac

473 670 692 712 presentibus
717 670 856 702 domino
881 668 1005 702 abbate
1030 670 1062 701 et
1087 668 1264 701 canonicis
1288 677 1327 701 ac
1353 668 1464 710 priore
1489 668 1664 710 predictis,
1689 668 1934 702 consuluerunt
1957 670 1991 703 et
2014 669 2228 704 consulendo
2251 669 2304 704 di-

471 735 594 766 xerunt
619 733 744 765 iustum
770 732 922 773 precium
947 731 1116 763 dictorum
1142 730 1359 763 brachiorum
1383 732 1462 763 octo
1486 732 1519 764 et
1543 732 1663 773 quarte
1687 739 1732 764 ex
1756 730 1918 765 domibus
1955 731 2062 766 fondo
2085 734 2119 766 et
2142 732 2219 766 solo
2244 741 2303 767 su·
2381 755 2383 757 v

471 796 588 837 perius
613 794 818 828 memoratis.
845 793 924 826 ideo
960 793 1073 826 dictus
1113 792 1272 826 dominus
1312 791 1586 826 Archidiaeonus
1610 795 1643 826 et
1667 794 1900 827 subexecutor
1924 795 1959 827 ut
1983 802 2088 837 supra
2114 795 2206 828 omni
2231 795 2317 830 iure..
2336 778 2368 819 '4³'

473 857 575 890 modo
601 859 633 890 et
657 856 764 889 forma
789 855 916 898 quibus
941 855 1063 888 melius
1088 855 1198 897 potuit
1222 857 1255 888 et
1279 856 1403 897 potest,
1428 855 1648 897 presentibus
1672 855 1811 889 domino
1835 856 1959 890 abbate
1995 858 2029 890 et
2063 857 2240 891 canonicis
2268 858 2305 892 et

473 919 584 961 priore
610 918 773 960 predictis
798 919 831 951 et
855 926 908 950 me
934 917 1066 950 notario
1091 918 1123 950 et
1147 917 1294 950 testibus
1319 916 1555 959 infrascriptis,
1580 918 1820 960 pronunciavit
1843 919 1876 952 et
1900 918 2087 953 declaravit
2103 921 2137 952 et
2153 927 2305 962 pronun-

469 982 537 1014 ciat
562 983 594 1014 et
618 981 768 1013 declarat
793 980 919 1013 iustum
944 980 1096 1021 precium
1121 979 1288 1012 dictorum
1314 979 1529 1012 brachiorum
1554 981 1632 1013 octo
1657 982 1690 1013 et
1713 982 1832 1022 quarte
1857 981 1958 1014 unius
1982 989 2026 1014 ex
2050 981 2215 1024 predictis
2241 981 2305 1016 do·-

471 1044 584 1076 mibus
608 1043 714 1076 fondo
738 1044 771 1075 et
795 1042 871 1075 solo
907 1050 985 1075 esse
1022 1041 1128 1074 libras
1164 1041 1388 1075 Trescentum
1424 1042 1619 1084 papienses·
1635 1043 1668 1075 et
1691 1042 1793 1076 etiam
1830 1043 2127 1085 pronunciavitet
2149 1043 2327 1087 preceptis
2359 1071 2375 1094 3

470 1106 595 1139 dictam
621 1105 860 1138 vendicionem
885 1104 1079 1137 faciendam
1097 1113 1174 1137 esse
1192 1113 1254 1146 per
1270 1104 1382 1137 dictos
1399 1104 1558 1138 dominos
1575 1105 1734 1138 abbatem
1751 1107 1785 1138 et
1801 1105 1988 1139 canonicos
2016 1106 2171 1148 predicto
2198 1106 2302 1149 priori

471 1169 606 1200 nomine
631 1168 712 1200 dicti
738 1169 929 1200 conventus
954 1167 1109 1208 predicto
1134 1167 1250 1208 precio
1283 1166 1443 1199 librarum
1479 1168 1686 1200 trescentum
1726 1167 1943 1209 papiensium
1967 1165 2031 1209 (l),
2054 1167 2200 1202 faciente
2239 1175 2302 1204 seu
2362 1158 2365 1165 ⁶

470 1231 541 1263 fieri
566 1230 711 1263 faciente
736 1230 828 1262 dicto
853 1229 964 1271 priore
990 1229 1138 1271 propriis
1163 1229 1329 1271 expensis
1353 1229 1434 1262 dicti
1471 1228 1612 1262 Ordinis
1636 1230 1670 1262 in
1694 1229 1796 1263 dictis
1829 1230 1978 1263 brachiis
2013 1231 2091 1264 octo
2126 1232 2159 1264 et
2182 1231 2303 1273 quarta

470 1302 602 1325 murum
627 1292 670 1325 de
696 1301 759 1325 sex
784 1292 888 1325 textis
913 1292 1081 1324 deversus
1105 1300 1183 1324 sero
1207 1293 1240 1324 et
1265 1291 1339 1333 ipse
1364 1300 1482 1324 murus
1507 1292 1550 1325 sit
1574 1292 1730 1325 comunis
1755 1292 1922 1325 dictorum
1947 1292 2075 1326 domini
2100 1292 2246 1328 Abbatis
2268 1291 2304 1328 e!

470 1353 723 1388 Canonicorum
749 1357 781 1387 et
806 1355 973 1387 dictorum
997 1354 1136 1386 fratrum
1161 1354 1291 1387 ordinis
1316 1354 1564 1387 heremitarum.
1590 1353 1631 1387 Et
1656 1354 1798 1388 ulterius
1830 1355 2070 1397 pronunciavit
2093 1357 2127 1388 et
2150 1355 2304 1391 declara-

470 1418 518 1450 vit
558 1418 670 1450 dictos
709 1417 885 1450 dominum
922 1417 1081 1450 abbatem
1106 1418 1139 1449 et
1163 1417 1350 1449 canonicos
1389 1416 1515 1450 debere
1551 1417 1708 1450 tra'ddere
1733 1417 1833 1450 etde
1857 1419 1972 1451 cetero
2006 1417 2187 1452 dimittere*
2209 1418 2303 1453 dicto

470 1480 573 1521 priori
599 1480 735 1512 nomine
760 1480 841 1512 dicti
867 1481 1059 1512 conventus
1085 1487 1185 1512 unam
1211 1478 1334 1511 clavim
1360 1479 1498 1511 maioris
1523 1481 1619 1520 porte
1644 1479 1734 1512 dicte
1758 1479 1905 1513 ecclesie
1941 1480 2050 1513 sancti
2082 1478 2184 1514 Petri.
2220 1479 2301 1515 item

469 1545 503 1576 et
527 1541 724 1584 permittere
745 1543 857 1575 dictos
882 1542 1028 1584 priorem
1054 1543 1086 1574 et
1110 1541 1230 1574 fratres
1255 1543 1288 1574 et
1311 1543 1518 1583 conventum
1543 1542 1590 1574 uti
1615 1541 1708 1574 dicto
1731 1542 1818 1575 atrio
1841 1541 1931 1575 dicte
1956 1542 2103 1576 ecclesie
2127 1545 2303 1586 tamquam
2326 1530 2370 1588 13⁷-

467 1606 616 1638 comuni.
643 1605 723 1638 item
749 1605 988 1646 pronunciavit
1013 1606 1045 1637 et
1070 1604 1257 1637 declaravit
1288 1604 1382 1645 quod
1407 1604 1488 1637 dicti
1524 1603 1686 1637 dominus
1721 1593 1841 1638 Abbas
1865 1606 1899 1637 et
1922 1602 2088 1638 Canonici
2123 1606 2315 1641 teneantur*
2338 1591 2376 1653 ’ᾗ

469 1670 503 1701 et
527 1668 675 1700 debeant
700 1676 777 1700 curn
802 1675 891 1709 opus
915 1666 1026 1706 fuerit,
1051 1675 1113 1708 pro
1131 1666 1311 1699 medietate
1329 1675 1486 1708 reparare
1511 1666 1637 1699 dictam
1661 1666 1843 1700 ecclesiam
1869 1668 1970 1709 prout
1993 1667 2154 1709 superius
2169 1669 2223 1702 est
2238 1677 2303 1703 ex·
2318 1661 2332 1700 s
2351 1670 2367 1713 ’ξ

470 1738 628 1772 pressum
653 1727 715 1771 (2).
753 1729 832 1762 ltem
869 1729 956 1762 dixit
981 1731 1013 1762 et
1038 1729 1277 1770 pronunciavit
1313 1729 1406 1770 quod
1431 1728 1512 1761 dicti
1549 1729 1642 1770 prior
1665 1730 1697 1762 et
1729 1728 1863 1762 Fratres
1898 1729 2028 1763 ordinis
2064 1730 2301 1765 heremitarum

470 1794 647 1824 teneantur
671 1794 705 1824 et
729 1791 877 1824 debeant
901 1791 972 1824 fieri
997 1790 1109 1824 facere
1134 1790 1283 1832 propriis
1307 1791 1473 1832 expensis
1497 1790 1578 1823 dicti
1618 1790 1749 1824 ordinis
1785 1791 2023 1824 heremitarum
2059 1791 2155 1825 iuxta
2178 1792 2301 1834 atrium

469 1854 561 1887 dicte
586 1853 733 1887 ecclesie
757 1855 790 1886 et
815 1853 915 1896 longe
940 1862 960 1886 a
984 1853 1071 1886 facie
1097 1853 1186 1886 dicte
1211 1852 1357 1886 ecclesie
1382 1861 1444 1894 per
1466 1853 1629 1886 tredecim
1655 1853 1794 1886 brachia
1818 1852 1992 1886 incluxive
2028 1863 2132 1887 unum
2167 1863 2300 1893 murum

470 1917 514 1949 de
540 1918 687 1958 quatuor
710 1916 809 1949 testis
834 1916 876 1949 de
902 1916 1077 1957 lapidibus
1102 1917 1135 1948 et
1159 1915 1290 1948 calcina
1314 1915 1372 1957 qui
1397 1915 1496 1948 duret
1519 1924 1540 1948 a
1564 1916 1716 1949 secunda
1733 1917 1831 1957 porta
1856 1916 2024 1958 introytus
2046 1916 2215 1950 dictorum
2238 1917 2303 1951 do-

472 1980 552 2012 mini
579 1978 724 2012 Abbatis
748 1981 781 2012 et
806 1977 1057 2012 Canonicorum
1083 1987 1144 2020 per
1168 1978 1414 2020 longitudinem
1440 1986 1550 2020 usque
1574 1978 1618 2011 ad
1643 1978 1853 2020 sepulturam
1889 1978 2028 2012 alteram
2063 1988 2130 2021 que
2154 1981 2208 2014 est
2240 1979 2302 2015 de-

472 2051 595 2075 versus
621 2041 808 2081 meridiem,
832 2043 923 2074 tante
949 2041 1138 2074 altitudinis
1163 2042 1324 2082 quantam
1350 2040 1490 2082 requirit
1514 2040 1621 2074 maior
1644 2042 1742 2082 porta
1774 2041 1864 2074 dicte
1895 2041 2053 2082 ecclesie;
2089 2041 2148 2084 qui
2184 2050 2302 2077 murus
2354 2043 2362 2082 s

472 2105 517 2137 sit
541 2113 618 2137 curn
644 2113 711 2137 una
737 2106 835 2146 porta
860 2104 993 2136 decenti
1020 2105 1052 2136 et
1077 2103 1284 2145 respondeat
1308 2104 1404 2144 porte
1429 2103 1548 2136 maiori
1573 2103 1662 2136 dicte
1687 2102 1833 2137 ecclesie
1858 2105 1891 2136 et
1915 2103 1996 2137 dicti
2020 2112 2138 2137 murus
2153 2106 2188 2138 et
2203 2105 2303 2147 porta

472 2167 540 2199 sint
564 2167 731 2199 dictorum
757 2166 885 2199 domini
911 2165 1056 2198 Abbatis
1081 2167 1113 2198 et
1137 2166 1378 2198 canonicorum
1414 2166 1554 2198 tantum.
1580 2164 1621 2198 Et
1644 2165 1725 2198 dicti
1761 2165 1922 2199 dominus
1955 2166 2066 2199 abbas
2089 2168 2123 2200 et
2146 2166 2302 2203 canonici

472 2230 597 2262 habere
622 2231 654 2262 et
678 2231 792 2262 tenere
817 2229 964 2262 debeant
990 2237 1090 2261 unam
1115 2228 1238 2261 clavim
1264 2237 1369 2270 parve
1394 2229 1490 2270 porte
1526 2237 1593 2270 que
1618 2230 1671 2261 est
1694 2228 1728 2261 in
1757 2228 1844 2262 facie
1880 2228 1993 2271 ipsius
2026 2229 2183 2263 ecclesie.
2220 2228 2301 2264 item

474 2292 713 2334 pronunciavit
737 2293 770 2324 et
794 2291 981 2324 declaravit
1005 2291 1098 2333 quod
1124 2291 1157 2323 in
1182 2291 1298 2330 choro,
1323 2290 1404 2323 dum
1427 2290 1552 2324 fuerint
1586 2290 1630 2323 ad
1666 2291 1820 2323 divinum
1855 2290 2005 2324 officium
2041 2292 2248 2334 congregati,
2271 2290 2302 2327 si
2352 2290 2370 2330 ’ἔ

471 2354 601 2387 dictum
626 2354 800 2386 dominum
825 2354 984 2386 abbatem
1010 2355 1043 2386 et
1067 2353 1214 2395 priorem
1239 2361 1339 2386 suum
1365 2352 1489 2385 abesse
1514 2353 1703 2395 contigerit,
1728 2353 1821 2395 quod
1846 2353 1912 2395 ipsi
1937 2353 2098 2388 dominus
2136 2353 2247 2389 abbas
2269 2355 2321 2389 et.

470 2417 628 2449 canonici
653 2417 846 2458 permittere
871 2416 1020 2448 debeant
1044 2415 1190 2457 priorem
1226 2415 1394 2448 dictorum
1429 2415 1568 2448 fratrum
1605 2415 1854 2456 heremitarum,
1879 2416 1933 2449 vel
1958 2416 2036 2458 ipso
2059 2416 2193 2450 absenti
2220 2417 2305 2452 suh-
2346 2413 2362 2464 ’ᾖ

473 2479 631 2520 priorem,
655 2478 766 2511 facere
792 2478 1046 2511 confessionem
1072 2478 1105 2510 in
1130 2478 1238 2519 prima
1263 2479 1296 2510 et
1321 2477 1575 2519 complectorio.
1601 2477 1668 2511 Ubi
1693 2486 1775 2511 vero
1799 2478 1927 2511 dictum
1951 2478 2126 2512 dominum
2143 2478 2303 2513 abbatem

475 2540 528 2573 vel
554 2541 712 2582 priorem,
726 2549 826 2573 suum
851 2540 976 2578 adesse
1001 2540 1190 2582 contigerit,
1216 2540 1290 2581 ipse
1316 2539 1476 2573 dominus
1500 2539 1610 2573 abbas
1634 2540 1754 2582 primo,
1779 2540 1903 2575 deinde
1920 2541 2000 2582 post
2016 2549 2094 2575 eum
2111 2540 2204 2582 prior
2218 2549 2312 2576 suusv
2337 2537 2388 2586 ssssssss

474 2602 576 2635 faciat
600 2603 725 2636 dictam
751 2602 1015 2642 confessionem,
1039 2604 1071 2635 et
1096 2602 1153 2635 ubi
1179 2611 1261 2635 vero
1286 2611 1354 2635 non
1379 2604 1495 2635 essent
1520 2602 1552 2634 in
1577 2602 1683 2635 choro
1707 2602 1821 2635 dictus
1837 2602 1998 2636 dominus
2014 2602 2125 2636 abbas
2141 2602 2196 2636 vel
2212 2603 2306 2646 prior

474 2674 571 2706 suus,
596 2665 650 2698 vel
675 2666 767 2707 prior
790 2667 848 2698 aut
872 2665 1032 2707 subprior
1056 2665 1223 2698 dictorum
1248 2664 1387 2698 fratrum
1413 2665 1661 2705 heremitarum,
1686 2665 1780 2707 quod
1804 2666 1884 2698 tune
1908 2665 2080 2707 antiquior
2102 2665 2194 2699 illius
2209 2665 2304 2699 chori

475 2728 519 2760 ab
544 2737 584 2760 ea
609 2730 703 2769 parte
729 2729 761 2760 in
787 2737 856 2770 quo
881 2728 943 2761 erit
967 2728 1158 2769 septimana
1183 2727 1247 2760 hoc
1273 2727 1386 2760 faciat.
1412 2727 1485 2760 Hoc
1503 2728 1604 2760 etiam
1621 2727 1816 2760 declavavit
1831 2729 1865 2760 et
1881 2728 2034 2770 precepit
2050 2728 2305 2766 observandum

534 2884 565 2911 (Ι)
580 2885 610 2907 Le
625 2887 730 2908 trecento
753 2886 794 2908 lire
809 2886 890 2913 pavesi
912 2891 972 2908 sono
993 2886 1043 2913 pari
1057 2891 1071 2908 a
1087 2886 1147 2908 circa
1169 2886 1194 2907 L.
1218 2886 1284 2908 14500
1304 2885 1364 2908 delle
1419 2887 1496 2908 mente
1511 2886 1572 2908 dalla
1587 2886 1649 2908 bolla
1663 2885 1686 2907 di
1701 2885 1816 2908 Glovanni
1830 2885 1899 2913 ΧΧΙΙ,
1913 2885 1951 2908 ch'
1961 2885 1974 2908 ὲ
1995 2885 2017 2908 ln
2031 2885 2083 2907 sola
2104 2883 2169 2907 fonte
2183 2884 2206 2906 df
2220 2884 2302 2908 dintto

481 2930 569 2951 nostre.
1423 2930 1446 2952 in
1461 2931 1546 2957 questa
1560 2930 1692 2965 questione:
1707 2929 1751 2952 Noi
1765 2935 1812 2952 non
1833 2929 1954 2957 possiamo
1973 2934 2107 2956 approvare
2125 2929 2140 2950 il
2161 2929 2258 2952 metodo
2277 2928 2301 2952 fl

534 2973 565 2998 (2)
581 2974 596 2995 ll
611 2974 781 2996 subesecutore
803 2974 863 2996 della
885 2975 956 3002 bolla,
971 2974 1080 2997 Montino
1095 2974 1229 3002 Bottigella‚
1245 2980 1291 2997 non
1308 2974 1364 3002 pote
1419 2974 1455 2996 chi
1466 2980 1509 2996 usa
1519 2974 1542 2996 di
1553 2975 1638 3001 queste
1651 2967 1812 2996 controversie
1826 2979 1868 3000 per
1881 2978 1962 2996 creare
1971 2979 2002 2995 un
2016 2973 2133 2995 dualismo
2147 2973 2303 3000 pontico-rm»
2360 2960 2397 2989 f·

2367 3011 2376 3021 ς

481 3017 530 3039 fare
544 3023 558 3040 a
574 3023 641 3039 meno
656 3018 678 3039 di
693 3018 822 3045 accogliere
837 3019 1033 3046 completamente
1047 3019 1069 3041 le
1083 3019 1199 3041 domande
1209 3019 1270 3046 degli
1281 3019 1367 3041 Eremi-
1420 3019 1520 3045 nasticm
1535 3018 1564 3040 ed
1579 3024 1622 3040 usa
1637 3018 1676 3045 poi
1691 3019 1778 3045 questo
1791 3018 1910 3045 supposto
1924 3017 2041 3040 duaiismo
2064 3017 2302 3049 politico-monastico

482 3062 540 3089 tani,
555 3062 639 3089 perche
662 3061 758 3084 fundate
772 3062 795 3084 in
810 3063 899 3085 diritto.
922 3062 1007 3085 Poiene
1028 3063 1043 3085 ll
1065 3064 1159 3086 criterio
1182 3069 1225 3091 per
1245 3063 1364 3090 giudicare
1419 3068 1461 3090 per
1475 3063 1591 3090 ispiegare
1605 3061 1683 3089 quelle
1696 3061 1872 3084 controversie:
1886 3061 1902 3083 ll
1916 3061 1959 3084 che
1973 3061 1987 3083 e
2001 3066 2047 3083 una
2061 3064 2117 3084 vera
2140 3061 2258 3088 petizione
2278 3060 2301 3083 di

482 3107 560 3133 quelle
574 3106 690 3128 domande
705 3112 717 3128 e
732 3107 754 3128 la
768 3108 924 3134 susseguente
939 3109 1052 3129 sentenza
1067 3108 1126 3130 deve
1141 3108 1272 3130 desumersi
1291 3105 1369 3130 unica·
1423 3107 1546 3135 principio.
