2496 3600
491 157 554 191 116

489 292 723 335 religiosorum
749 292 922 325 hominum
947 291 1130 325 devotione
1168 290 1284 324 humili
1321 290 1510 331 fundatum,
1544 292 1604 325 tua
1637 292 1814 335 tyrannica
1836 294 1870 327 et
1893 293 2023 328 urbana
2057 295 2220 338 superbia
2254 295 2313 331 vel

488 355 664 388 concutias
689 354 742 388 vel
768 354 921 394 infames;
947 354 1008 387 sed
1034 362 1162 387 memor
1185 355 1260 386 esto
1284 353 1350 386 sub
1374 353 1495 387 eodem
1518 355 1609 387 tecto
1643 354 1848 389 venerabilis
1873 355 1983 399 ipsius
2018 355 2200 400 Augustini
2234 358 2314 393 reli⁴

487 417 587 459 quias
611 418 722 451 tecum
740 425 828 456 esse,
845 425 992 458 eumque
1009 415 1179 449 solicitum
1197 415 1250 448 sui
1267 413 1408 449 Ordinis
1425 417 1457 449 et
1472 417 1640 450 amantem
1657 416 1767 460 fingas
1783 417 1844 451 tibi
1861 426 1998 461 semper
2013 419 2260 463 imaginarium,
2275 421 2314 456 ut

489 480 622 519 dicitur,
638 481 758 513 testem
775 481 877 521 atque
893 478 1052 512 omnibus
1069 487 1158 520 quae
1182 478 1332 520 gesseris
1347 479 1406 511 aut
1421 477 1552 512 dixeris
1579 480 1638 512 aut
1665 479 1803 514 demum
1827 480 2043 524 cogitaveris,
2067 482 2232 518 interesse
2247 480 2311 526 (1).

488 541 642 575 Tandem
667 542 788 575 timeas
812 543 906 590 tanto
931 541 996 574 sub
1021 542 1106 574 teste
1146 549 1288 583 peccare
1311 542 1414 583 atque
1439 549 1479 575 ea
1503 541 1710 576 committere
1737 543 1865 585 quibus
1888 545 1922 578 et
1945 545 2026 578 tuus
2061 544 2116 579 ille
2151 546 2312 581 dominus

488 613 527 637 ac
552 605 721 647 magister,
746 606 777 637 et
801 604 951 636 omnium
977 603 1138 645 magister
1161 611 1201 637 ac
1226 603 1386 636 dominus
1410 601 1568 637 Christus
1593 604 1784 638 offenditur.
1809 604 1902 639 Vale.
1927 606 2126 648 Mediolani,
2150 606 2222 642 Vlll
2239 607 2314 643 Ka&

490 666 627 709 Aprilis.

1337 911 1472 953 LIII.

580 1022 725 1051 Lettera
750 1020 788 1051 di
812 1021 1015 1051 Francesco
1040 1021 1211 1052 Petras-ca
1235 1030 1257 1052 a
1281 1021 1389 1052 Frate
1413 1021 1588 1053 Giacomo
1612 1022 1802 1053 Bussolari
1826 1023 1863 1054 in
1885 1032 1990 1055 nome
2014 1024 2051 1055 di
2074 1025 2241 1057 Bernabb
2257 1006 2323 1058 vss
2360 1012 2387 1050 ⁵-

492 1075 606 1105 sconti
634 1074 756 1112 signor
781 1074 818 1105 di
843 1075 979 1105 Milano
996 1072 1059 1116 (2).

1186 1172 1328 1199 1369
1347 1187 1566 1200 .......
1586 1171 1628 1208 (3)

1006 1261 1077 1288 (Bibl.
1097 1261 1196 1285 Comun.
1211 1261 1234 1284 dl
1250 1261 1373 1290 Bergamo,
1391 1262 1451 1285 Gab-
1465 1264 1494 1290 Λ,
1509 1263 1558 1286 Fila
1573 1263 1590 1291 Ι,
1604 1263 1640 1291 Ε),
1653 1262 1694 1286 tol.
1709 1263 1744 1291 44,
1758 1263 1802 1290 45).

510 1460 511 1491 l
583 1447 671 1565 F
741 1464 850 1495 RATR!
877 1459 1000 1493 Iacobo
1025 1459 1208 1494 Busulario
1232 1461 1401 1503 papiensi.
2363 1498 2366 1500 ,

509 1506 511 1562 ff
854 1524 1006 1557 Tuorum
1030 1524 1122 1557 fama
1146 1525 1368 1558 consiliorum
1393 1527 1496 1568 atque
1520 1527 1658 1559 actuum
1682 1525 1827 1559 naturali
1844 1525 2016 1560 celeritate
2033 1526 2184 1561 volatilis
2199 1526 2244 1561 ad
2260 1532 2327 1562 nos
2362 1525 2390 1573 J

510 1589 559 1626 ’ἡ
764 1588 867 1627 venit,
893 1588 986 1621 miris
1011 1587 1219 1629 quibusdam
1244 1590 1277 1621 et
1301 1588 1449 1622 insolitis
1473 1590 1575 1630 atque
1611 1588 1778 1622 hactenus
1816 1589 1980 1622 inauditis
2019 1589 2166 1632 implens
2204 1590 2387 1625 cuneum

494 1651 698 1684 rumoribus.
726 1651 770 1684 Ut
795 1651 884 1684 enim
910 1652 1022 1683 cetera
1047 1650 1222 1691 sileamus,
1247 1660 1392 1692 quorum
1418 1651 1560 1684 historia
1584 1650 1687 1694 longa
1722 1653 1786 1691 est,
1799 1651 1878 1694 quis
1888 1651 2062 1685 hominurn
2084 1653 2137 1686 est
2160 1652 2220 1695 qui
2243 1650 2329 1687 iliud

492 1714 713 1746 inhumanum
738 1714 920 1747 consilium
945 1723 1012 1746 non
1038 1713 1135 1746 miret
1158 1722 1198 1746 ac
1224 1715 1360 1756 stupeat
1385 1714 1478 1756 quod
1503 1723 1617 1754 senes,
1641 1723 1768 1756 pueros
1792 1723 1833 1748 ac
1857 1714 2018 1748 mulieres
2034 1723 2074 1748 ac
2098 1714 2244 1756 debiles,
2266 1723 2333 1759 po-

493 1778 619 1809 stremo
645 1786 816 1819 quemque
841 1777 942 1810 alieni
968 1776 1087 1809 auxilii
1113 1777 1260 1810 maxime
1299 1777 1507 1820 indigentem
1544 1777 1628 1810 urbe
1664 1777 1865 1820 pepuleris?
1900 1777 1952 1811 Ne
1976 1777 2060 1820 quid
2085 1786 2168 1811 vero
2191 1777 2329 1812 miserle
2350 1775 2373 1824 <j-

493 1839 629 1872 civibus
653 1840 721 1872 tuis
746 1840 846 1879 desit,
871 1839 976 1872 exilio
1001 1840 1115 1882 iungis
1143 1840 1306 1881 inopiam,
1331 1848 1489 1882 quosque
1514 1840 1548 1872 in
1571 1841 1663 1873 tuam
1677 1840 1924 1882 protectionem
1938 1840 2038 1883 quasi
2062 1840 2106 1874 de
2129 1839 2329 1883 celestiope

493 1903 607 1934 certus
631 1910 884 1943 assumpseras,
910 1911 1124 1944 quorumque
1150 1903 1183 1935 et
1207 1902 1373 1935 libertatis
1397 1901 1521 1936 ducem
1545 1901 1726 1944 professus
1738 1901 1844 1935 fueris
1879 1910 1920 1936 ac
1936 1904 2128 1944 patronum,
2151 1910 2215 1936 eos
2237 1909 2330 1936 nune
2358 1901 2398 1931 i„

494 1973 513 1996 a
538 1965 686 2006 propriis
712 1964 841 1997 laribus
867 1965 1082 2006 impudenter
1106 1965 1306 2005 exturbans,
1331 1965 1429 2008 cogis
1454 1965 1487 1998 in
1512 1965 1633 1999 alienis
1669 1965 1814 1998 urbibus
1850 1965 2086 1999 mendicantes
2121 1965 2211 2008 turpi
2235 1964 2331 1999 victu
2355 1959 2394 2009 Δἒξ

493 2026 623 2059 tristem
649 2027 752 2060 vitam
778 2029 810 2060 et
836 2027 1004 2060 infelicem
1030 2027 1186 2069 spiritum
1211 2027 1355 2067 trahere,
1385 2027 1512 2070 quibus
1537 2028 1570 2060 in
1594 2027 1705 2070 patria
1744 2027 1864 2061 saltem
1904 2027 2000 2068 mori,
2025 2029 2127 2068 certe,
2162 2027 2230 2061 nisi
2263 2026 2331 2061 fal-

495 2088 604 2129 limur,
629 2089 822 2131 aliqualiter
857 2089 991 2123 felicius
1029 2090 1240 2132 contigisset.
1265 2090 1355 2132 Ergo
1380 2090 1442 2124 hec
1460 2090 1639 2132 sapientia,
1665 2090 1728 2123 hec
1753 2090 1872 2133 religio
1896 2092 1955 2124 tua
1978 2092 2042 2130 est,
2066 2092 2103 2124 ut
2126 2090 2203 2124 eius
2218 2097 2329 2124 sexus

495 2154 527 2185 et
553 2152 652 2185 etatis
677 2152 833 2186 homines
858 2162 920 2194 pro
945 2153 1072 2194 quibus
1097 2153 1260 2195 precipue
1285 2153 1347 2186 viri
1372 2153 1478 2187 fortes
1502 2162 1595 2186 arma
1630 2162 1753 2195 capere
1777 2155 1811 2186 et
1834 2153 1997 2196 periculis
2021 2162 2059 2187 se
2083 2153 2204 2188 offerre
2238 2161 2323 2187 con—
2354 2146 2383 2176 -2

495 2217 693 2255 sueverunt,
718 2217 751 2248 et
775 2215 902 2257 quibus
927 2216 1074 2248 maxime
1100 2216 1334 2249 misericordia
1369 2216 1544 2256 debeatur,
1568 2218 1604 2249 tu
1629 2216 1760 2258 primus
1795 2215 1946 2249 omnium
1982 2216 2131 2259 eligeris,
2166 2216 2201 2250 in
2236 2222 2328 2258 quot
2361 2222 2379 2267 t}

496 2277 744 2311 inexorabilem
769 2280 862 2311 tuam
887 2287 928 2311 ac
953 2278 1134 2320 preduram
1160 2278 1410 2312 inclementiam
1435 2278 1638 2312 exerceres?
1662 2277 1693 2312 O
1718 2279 1814 2312 brevi
1850 2280 1988 2319 mutata,
2013 2279 2082 2312 imo
2105 2278 2240 2312 detecta
2274 2287 2329 2313 re-
2355 2271 2386 2329 Ῐ,

497 2350 569 2373 rum
594 2341 712 2381 facies,
737 2343 771 2374 et
795 2341 910 2374 subito
935 2341 1142 2383 patefactum
1175 2351 1277 2383 quam
1303 2342 1402 2375 vanis
1426 2343 1458 2375 te
1483 2341 1590 2375 titulis
1614 2351 1655 2375 ac
1679 2342 1876 2375 nominibus
1911 2342 2096 2375 adornasti.
2132 2340 2260 2376 Dixisti
2293 2342 2328 2376 te
2350 2336 2360 2387 J

495 2403 666 2436 vindicem
692 2403 868 2443 libertatis,
893 2412 1081 2445 oppressor
1105 2412 1153 2444 es;
1179 2404 1296 2437 dixisti
1321 2406 1354 2437 te
1378 2404 1502 2437 ducem
1527 2403 1657 2446 populi,
1682 2404 1893 2446 proscriptor
1916 2413 1965 2445 es;
1997 2404 2115 2438 dixisti
2139 2406 2173 2438 te
2196 2405 2328 2447 patrem
2341 2403 2366 2447 J?
2372 2397 2379 2454 J

496 2465 683 2507 publicum,
708 2466 869 2508 publicus
894 2466 1004 2499 hostis
1028 2475 1076 2506 es;
1102 2466 1340 2508 deventusque
1365 2467 1408 2500 de
1432 2468 1570 2509 pastore
1595 2466 1709 2509 lupus,
1734 2467 1777 2500 de
1801 2466 1983 2500 fraterculo
2007 2467 2126 2500 humili
2150 2466 2331 2509 superbis-
2346 2477 2367 2512 ,ἐπ’

497 2529 606 2561 simus
630 2529 862 2568 tiramnorum,
887 2529 937 2562 sic
962 2529 1022 2562 tibi
1048 2529 1269 2562 commissum
1295 2538 1445 2572 gregem,
1470 2530 1521 2563 sic
1545 2529 1711 2572 populum
1735 2531 1830 2562 tuum
1855 2530 1956 2572 regis.
1981 2529 2083 2562 Addo
2117 2529 2212 2572 quod
2247 2537 2326 2565 cun

498 2591 595 2632 ipsis,
621 2591 664 2624 de
689 2592 817 2633 quibus
842 2593 894 2625 est
918 2591 1046 2625 dictum
1071 2592 1218 2632 civibus,
1243 2601 1363 2625 omnes
1388 2601 1560 2634 pauperes
1584 2591 1660 2626 Iesu
1685 2589 1824 2632 Christi,
1849 2592 1907 2634 qui
1933 2592 1966 2625 in
1991 2592 2048 2625 illa
2073 2592 2156 2626 urbe
2188 2592 2323 2635 piorum
2344 2599 2362 2638 'j

555 2749 586 2775 (1)
598 2749 649 2771 Non
658 2750 676 2771 si
688 2749 736 2776 ρυὸ
750 2755 835 2777 negare
845 2750 919 2771 chela
929 2749 1079 2772 conclusione
1089 2749 1111 2771 di
1123 2750 1207 2777 questa
1224 2750 1316 2776 lettera,
1333 2750 1385 2772 seb-
1492 2749 1524 2776 (2)
1539 2750 1571 2772 Le
1583 2749 1872 2777 osservazlonl,fattenlln
1881 2749 1965 2772 lettera
1975 2749 2124 2776 precedente,
2138 2749 2240 2777 valgono
2248 2748 2325 2774 a*
2346 2748 2349 2749 ’

503 2794 561 2815 bene
577 2794 636 2815 male
650 2799 663 2815 a
679 2794 803 2820 proposito
812 2794 951 2821 adoperata,
962 2794 1068 2816 dimostri
1077 2794 1114 2816 nel
1122 2794 1231 2816 Petrarca
1242 2800 1288 2816 una
1298 2794 1386 2821 grande
1440 2800 1482 2821 per
1497 2795 1590 2821 questa.
1605 2794 1638 2816 Fu
1653 2794 1789 2821 pubbucata
1803 2793 1842 2816 dal
1856 2793 1916 2822 prof.
1932 2794 1956 2816 F.
1972 2794 2084 2816 ΝονΑΤΙι
2101 2794 2125 2816 F.
2140 2793 2257 2817 Pemroe
2269 2799 2285 2817 e
2295 2793 2366 2825 fir}

503 2838 572 2859 stima
588 2837 735 2859 dell'Ordine
750 2838 907 2865 agostiniano,
923 2844 935 2860 e
950 2838 966 2860 il
981 2844 1026 2860 suo
1047 2838 1135 2860 devoto
1156 2839 1278 2865 trasporto
1292 2844 1305 2860 e
1319 2838 1388 2860 l'am-
1442 2839 1595 2865 Lomlmrdla,
1610 2839 1708 2866 Milano,
1725 2838 1784 2865 lmt,
1799 2843 1853 2866 pag.
1869 2838 1903 2861 ⁵9.
2343 2867 2346 2870 Δ

504 2882 629 2902 mirazione
644 2887 714 2903 verso
729 2881 836 2909 l'Aquila
851 2882 887 2904 dei
905 2882 1001 2904 dottori.
1017 2882 1036 2904 Α
1052 2883 1119 2909 parte
1133 2882 1148 2904 il
1163 2882 1302 2910 gravissimo
1321 2883 1385 2905 torto
1492 2883 1523 2910 (3)
1538 2884 1570 2905 La
1584 2884 1668 2906 lettera
1688 2889 1735 2905 non
1755 2888 1808 2905 rect
1829 2883 1898 2905 data:
1912 2883 1927 2905 ll
1941 2883 2027 2905 Novati
2048 2883 2173 2910 l’assegno
2192 2881 2325 2907 dubitem
2337 2876 2367 2902 5³*

503 2925 544 2946 che
560 2925 603 2951 egli
619 2925 641 2946 fa
655 2925 677 2946 al
693 2927 774 2947 nostro
796 2926 874 2948 erolco
897 2926 1026 2953 Bussolari,
1041 2927 1054 2948 e
1069 2926 1126 2953 pero
1145 2927 1210 2948 certo
1224 2926 1266 2948 che
1281 2926 1304 2948 in
1319 2927 1384 2948 molti
1439 2927 1461 2949 al
1478 2928 1541 2954 135&
1557 2927 1595 2950 noi
1610 2927 1632 2949 la
1646 2927 1799 2949 collochiamo
1821 2926 1857 2948 nel
1881 2926 1933 2949 1359
1954 2932 1996 2954 per
2016 2927 2038 2949 le
2059 2927 2147 2954 regioni
2168 2926 2207 2954 gia
2225 2927 2323 2954 “pone
2349 2937 2356 2957 g,

503 2970 581 2996 luoghi
598 2969 634 2991 del
649 2975 693 2991 suo
708 2970 845 2996 epistolario
859 2970 921 2995 (vedi
937 2971 976 2992 lib.
992 2971 1029 2998 lll,
1044 2977 1082 2998 ep.
1097 2972 1122 2998 7;
1138 2971 1177 2993 lib.
1196 2971 1233 2998 lv,
1255 2977 1292 2998 ep.
1310 2972 1318 2993 1
1335 2977 1348 2993 e
1361 2972 1387 2998 23
1442 2972 1502 2994 sulla
1517 2972 1572 2994 data
1587 2972 1647 2994 della
1662 2971 1746 2993 lettera
1759 2971 1921 2994 antecedente.
2350 2962 2352 2966 ⁵

504 3014 543 3035 lib.
559 3014 616 3041 Vlll,
633 3019 670 3041 ep.
685 3014 705 3041 6,
721 3016 779 3037 ecc.)
795 3015 809 3035 il
825 3015 934 3037 Petrarca
949 3015 1020 3037 rende
1044 3016 1224 3038 testimonianza
1248 3016 1391 3038 onorevolis-

504 3059 562 3080 sima
577 3058 598 3080 al
615 3058 679 3080 molti
694 3059 844 3086 agostiniani,
860 3059 902 3081 che
916 3059 990 3081 allora
1005 3060 1158 3082 illustravano
1173 3060 1289 3083 l'Ordine.
