2496 3600
457 238 522 272 160

544 372 623 407 item
648 372 691 406 ad
716 371 954 405 dimittendum
980 370 1067 412 ipsis
1090 369 1230 402 domino
1254 366 1379 400 Abbati
1404 368 1437 399 et
1461 363 1647 400 Canonicis
1683 364 1826 398 liberum
1861 363 1990 398 aditum
2015 373 2078 407 pro
2108 364 2222 399 eundo
2256 359 2301 400 ad
2328 369 2362 415 jas

476 434 667 477 campanile
691 434 780 468 dicte
805 432 948 467 ecclesie
984 433 1017 465 et
1052 439 1156 473 super
1192 430 1270 472 ipso
1305 427 1511 470 campanilli,
1536 435 1599 470 pro
1621 427 1798 470 campanis
1822 426 2060 480 pulsandis-et
2082 427 2160 461 aliis
2182 434 2303 462 neces-
2328 425 2361 477 js}

477 496 589 536 sariis,
613 495 656 529 ad
683 495 814 529 libitum
839 494 920 528 dicti
945 493 1073 527 domini
1099 491 1255 525 Abbatis.

566 557 644 591 Item
669 558 712 591 ad
739 556 998 600 permittendum
1036 555 1078 588 de
1115 555 1228 588 cetero
1263 552 1460 595 capellanos
1476 549 1528 594 (l)
1563 552 1645 586 dicti
1682 552 1875 586 monasterii
1911 551 2094 586 tenebrare
2121 551 2247 586 missas
2269 553 2304 586 et

476 621 542 655 alia
567 621 685 654 divina
709 619 822 653 officia
848 619 880 652 in
906 619 995 651 dicta
1020 616 1176 651 ecclesia.
2350 646 2358 651 „

545 683 622 717 ltem
647 683 690 716 ad
715 682 951 716 dimittendum
976 682 1008 713 et
1034 679 1269 714 relassandum
1295 679 1381 720 ipsis
1405 678 1545 712 domino
1569 677 1694 712 Abbati
1719 680 1751 712 et
1776 676 1962 712 Canonicis
1996 678 2076 712 dicti
2109 678 2303 712 monasterii
2343 666 2367 727 :f

477 748 509 779 et
534 746 599 788 ipsi
625 745 831 778 monasterio
855 741 1066 777 Cimiterium
1092 741 1293 784 predictum,
1318 741 1368 774 sic
1394 743 1429 774 ut
1453 740 1656 783 premittitur
1679 742 1884 783 occupatum
1909 749 1970 783 per
1993 749 2064 774 eos.
2358 731 2366 777 f

567 808 645 841 Item
671 810 703 840 et
728 816 788 849 per
813 814 877 839 vos
901 805 1076 838 dominum
1102 806 1377 838 conservatorem
1402 804 1618 846 pronunciari
1643 805 1676 837 et
1700 803 1863 839 declarari
1889 803 2014 837 debere
2030 803 2128 846 ipsos
2151 801 2303 838 Priorem
2341 798 2357 839 ’,

482 872 515 903 et
540 870 672 903 Fratres
698 869 942 902 l-leremitarum
967 875 1045 900 esse
1069 866 1223 909 privatos
1247 866 1338 899 omni
1364 866 1511 899 comodo
1535 868 1568 899 et
1591 866 1682 899 omni
1709 865 1850 900 utilitate
1874 866 2102 908 predictorum
2127 867 2303 909 pactorum
2324 863 2358 911 ’ζῇ

480 935 511 966 et
536 933 805 965 convencionum
842 930 1007 964 factorum
1044 938 1104 972 per
1139 937 1210 968 eos,
1247 937 1307 962 seu
1345 928 1608 970 predecessores
1644 937 1739 969 suos,
1764 929 1850 962 inter
1873 929 1970 971 ipsos
1993 938 2037 963 ex
2062 938 2129 963 una
2153 931 2248 972 parte
2271 931 2307 965 et

481 996 607 1027 dictum
633 994 807 1026 dominum
834 992 1001 1026 Abbatem
1027 994 1059 1025 et
1083 989 1281 1025 Canonicos
1304 991 1385 1024 dicti
1412 991 1606 1024 monasterii
1631 1000 1674 1024 ex
1699 990 1803 1025 altera
1827 993 1933 1034 parte.

570 1057 647 1090 ltem
673 1057 716 1090 ad
743 1055 987 1089 restituendum
1013 1055 1099 1096 ipsis
1123 1054 1263 1087 domino
1287 1053 1412 1087 Abbati
1437 1056 1470 1087 et
1494 1052 1680 1088 Canonicis
1704 1054 1871 1088 robariam
1897 1054 2093 1097 predictam.
2336 1087 2367 1098 .=

570 1119 648 1152 ltem
674 1121 707 1152 et
730 1119 772 1152 ad
799 1118 950 1160 predicta
975 1117 1088 1150 omnia
1113 1118 1146 1150 et
1170 1109 1304 1159 singula
1329 1117 1488 1158 superius
1513 1118 1645 1150 narrata
1658 1116 1865 1150 restituenda
1889 1119 1923 1150 et
1945 1117 2102 1151 facienda
2126 1126 2186 1160 per
2210 1118 2309 1162 ipson

480 1182 628 1215 Priorem
654 1184 686 1214 et
711 1181 844 1214 Fratres
870 1180 1115 1213 l-leremitarum
1140 1180 1270 1213 eisdem
1295 1179 1434 1212 domino
1471 1178 1607 1219 Abbati,
1632 1177 1818 1213 Canonicis
1842 1182 1874 1213 et
1898 1177 2059 1223 Capitulo
2082 1181 2164 1215 dicti
2189 1171 2369 1228 monn-‘1:³52

484 1245 587 1278 sterii.
614 1244 654 1277 Et
678 1244 830 1286 predicta
855 1243 925 1276 fieri
952 1243 1034 1285 petit
1058 1243 1171 1276 dictus
1195 1242 1350 1275 sindicus
1373 1242 1465 1276 dicto
1490 1242 1626 1275 nomine
1649 1251 1710 1284 per
1733 1251 1797 1275 vos
1821 1243 1995 1276 dominum
2031 1245 2306 1279 conservatorem
2353 1235 2369 1278 {s
2395 1283 2397 1285 ¹

481 1309 516 1339 ut
540 1316 655 1349 supra,
681 1306 863 1339 summarie
888 1307 920 1338 et
945 1305 987 1338 de
1012 1305 1115 1347 plano
1139 1305 1213 1338 sine
1238 1305 1380 1347 strepitu
1405 1306 1436 1338 et
1460 1304 1569 1348 figura
1593 1305 1720 1344 iudicii,
1734 1313 1811 1338 cum
1824 1306 1990 1348 expensis
2007 1305 2108 1340 factis
2123 1309 2157 1340 et
2173 1306 2309 1348 fiendi&

482 1370 579 1405 salvo
604 1370 675 1402 iure
700 1368 859 1407 addendi,
885 1367 1069 1406 minuendi,
1095 1367 1257 1406 mutandi,
1274 1367 1476 1410 corrigendi,
1494 1367 1602 1409 pluris
1619 1369 1651 1401 et
1667 1367 1806 1401 alterius
1823 1368 2004 1409 peticionis
2020 1369 2309 1412 quandocumque
2327 1364 2369 1414 st}

482 1432 603 1465 fiende.
630 1431 669 1464 Et
695 1431 783 1470 inde,
809 1433 872 1464 ete.
2342 1430 2347 1431 ⁷

550 1546 672 1581 Coram
700 1548 800 1581 vobis
825 1548 1012 1581 reverendo
1037 1549 1069 1580 in
1095 1546 1232 1581 Christo
1257 1550 1351 1590 patre
1375 1550 1408 1581 et
1431 1548 1571 1581 domino
1594 1548 1734 1582 domino
1757 1548 1859 1582 fratre
1882 1547 2067 1582 Guillelmo
2079 1547 2143 1582 Dei
2167 1550 2201 1582 et
2223 1556 2311 1592 apo-1
2342 1532 2370 1594 ¹41,

485 1611 604 1644 stolice
630 1609 730 1644 Sedis
755 1611 862 1653 gratia
887 1611 1061 1653 Episcopo
1096 1611 1252 1652 papiensi
1277 1612 1310 1644 et
1335 1611 1456 1644 comite
1481 1620 1520 1644 ac
1545 1611 1703 1654 delegato
1728 1611 1760 1643 in
1786 1611 1849 1644 hac
1885 1613 1980 1652 parte
2004 1619 2024 1644 a
2049 1609 2138 1645 Sede
2167 1612 2311 1654 amtffi

484 1674 548 1707 lica
573 1676 605 1707 et
629 1675 870 1707 conservatore
895 1674 1088 1716 specialiter
1111 1673 1275 1715 deputato
1299 1674 1438 1706 domino
1462 1673 1598 1714 Abbati,
1623 1671 1808 1707 Canonicis
1832 1676 1865 1706 et
1889 1672 2049 1715 Capitulo
2073 1673 2181 1707 sancti
2216 1672 2308 1709 Peffl
2334 1660 2357 1697 '⁵³-

486 1738 519 1769 in
545 1737 629 1769 cello
653 1746 757 1769 aureo
782 1737 969 1778 papiensis,
995 1736 1162 1769 Iohannes
1186 1737 1229 1769 de
1254 1734 1393 1769 Oliariis
1429 1736 1584 1770 sindicus
1608 1736 1647 1770 et*
1664 1738 1862 1778 procurator
1897 1736 2081 1769 sindicario
2115 1738 2150 1769 et
2183 1744 2311 1779 procu-¹
2335 1722 2362 1782 f

484 1800 607 1832 ratorio
632 1800 767 1832 nomine
793 1799 1006 1832 dominorum
1031 1798 1170 1838 Prioris,
1194 1799 1332 1832 fratrum
1358 1801 1390 1832 et
1414 1800 1606 1832 conventus
1631 1798 2041 1832 Ordinis-Heremitarum
2066 1798 2310 1843 sanctiAug'u-

485 1862 563 1894 stini
589 1862 737 1894 civitatis
762 1860 879 1903 Papie,
905 1864 1133 1894 reconventus
1146 1863 1178 1894 et
1192 1862 1409 1894 reconvenire
1427 1861 1548 1895 volens
1565 1861 1707 1895 eosdem
1724 1861 1898 1895 dominum
1917 1861 2096 1902 Abbatem,
2113 1860 2310 1897 canonicos
2336 1852 2372 1894 ›1ssss

484 1926 516 1957 et
540 1923 760 1966 Capitullum‚
785 1926 817 1956 et
841 1923 1016 1957 Stefanum
1041 1924 1084 1956 de
1109 1923 1296 1957 Panizariis
1320 1933 1435 1957 eorum
1461 1924 1631 1957 sindicum
1655 1926 1688 1957 et
1713 1926 1976 1966 procuratorem,
2001 1925 2123 1958 asserit
2137 1927 2172 1958 et
2188 1925 2222 1958 in
2237 1925 2312 1961 iure
2353 1932 2382 1947 ‘-

485 1987 644 2029 proponit
669 1996 728 2028 per
753 1987 841 2019 viam
868 1987 1149 2019 reconvencionis
1174 1988 1206 2019 et
1230 1987 1335 2019 eciam
1361 1987 1451 2019 omni
1478 1987 1558 2026 iure,
1584 1987 1685 2020 modo
1710 1989 1743 2020 et
1766 1986 1884 2027 forma,
1908 1987 2036 2029 quibus
2048 1987 2170 2021 melius
2186 1985 2392 2030 potesssſs

485 2050 620 2091 agendo
644 2051 677 2082 et
701 2058 801 2091 agere
826 2049 974 2082 volendo
999 2051 1031 2082 et
1056 2051 1246 2091 presentem
1284 2049 1487 2091 peticionem
1513 2050 1546 2082 in
1571 2050 1708 2092 scriptis
1743 2050 1923 2092 dirigendo
1946 2051 2063 2083 contra
2087 2051 2120 2084 et
2143 2050 2312 2085 adversus

486 2112 756 2153 suprascriptum
782 2112 956 2144 dominum
981 2111 1160 2151 Abbatem,
1193 2110 1390 2144 Canonicos
1414 2114 1446 2144 et
1470 2110 1677 2157 Capitulium
1714 2112 1821 2145 sancti
1858 2111 1947 2145 Petri
1973 2113 2006 2145 in
2030 2112 2117 2146 cello
2151 2121 2256 2147 aureo
2278 2113 2314 2146 et
2339 2116 2378 2156 j

485 2175 611 2207 dictum
638 2173 813 2218 Stefanum
839 2175 880 2207 de
906 2174 1092 2207 Panizariis
1117 2184 1233 2207 eorum
1270 2175 1439 2207 sindicum
1465 2177 1498 2208 et
1522 2177 1784 2217 procuratorem,
1815 2175 1999 2208 sindicario
2023 2177 2056 2208 et
2079 2174 2314 2218 procuratorio

490 2238 625 2269 nomine
650 2238 812 2278 ipsorum,
838 2240 869 2269 et
894 2239 1011 2269 contra
1025 2246 1276 2279 quamcumque
1294 2246 1474 2279 personam
1493 2247 1555 2279 pro
1571 2238 1658 2280 ipsis
1675 2238 1708 2270 in
1726 2237 1853 2270 iudicio
1871 2237 2044 2280 legiptime
2061 2239 2311 2280 comparentem

488 2309 548 2332 seu
574 2308 770 2340 comparere
796 2299 976 2338 volentem,
1002 2303 1115 2332 coram
1143 2300 1243 2332 vobis
1267 2300 1470 2333 deducendo
1494 2302 1527 2333 et
1550 2300 1719 2333 deducere
1744 2300 1902 2340 volendo,
1928 2300 2016 2333 idem
2031 2299 2197 2334 lohannes
2220 2299 2324 2350 dicto·

488 2362 672 2395 sindicario
696 2364 728 2394 et
754 2363 987 2403 procuratorio
1013 2362 1159 2401 nomine,
1185 2371 1284 2395 omne
1310 2363 1363 2395 ius
1388 2363 1497 2396 eidem
1523 2364 1721 2404 competens
1745 2364 1778 2396 et
1802 2363 1893 2404 quod
1919 2363 1947 2395 ei
1973 2363 2174 2405 competitur
2208 2352 2382 2413 ιιιιάο-Ᾰζξζ

490 2434 637 2466 cumque
663 2425 984 2466 quomodocumque
1020 2426 1051 2457 et
1087 2425 1378 2466 qualitercumque
1403 2425 1468 2457 sibi
1494 2427 1686 2467 competere
1715 2427 1833 2467 posset
1857 2427 1889 2458 et
1914 2426 2035 2467 possit,
2059 2425 2178 2459 dicens
2202 2411 2317 2460 dictus
2337 2432 2369 2474 4

490 2487 657 2520 lohannes
682 2487 774 2520 dicto
799 2487 983 2519 sindicario
1007 2489 1040 2519 et
1066 2488 1299 2528 prncuratorio
1325 2488 1470 2527 nomine,
1495 2488 1586 2529 quod
1613 2488 1836 2530 suprascripti
1850 2488 2010 2521 dominus
2034 2487 2131 2521 Prior
2145 2489 2180 2522 et
2193 2487 2375 2528 fratres

492 2559 558 2582 una
583 2559 658 2582 cum
695 2550 939 2591 suprascriptis
964 2550 1102 2582 domino
1127 2549 1260 2582 Abbate
1284 2552 1316 2583 et
1342 2551 1505 2590 monacis,
1530 2551 1648 2592 spacio
1673 2551 1789 2584 decem
1807 2553 1840 2584 et
1857 2551 1976 2593 viginti
1993 2559 2156 2583 annorum
2172 2552 2207 2584 et
2221 2542 2318 2584 tanto
2344 2535 2374 2588 ἶ

491 2614 642 2653 tempore
678 2613 775 2644 cuius
812 2612 902 2644 inicii
929 2612 961 2644 in
986 2613 1188 2644 contrarium
1214 2613 1374 2645 memoria
1400 2622 1466 2645 non
1492 2613 1618 2652 existit,
1644 2609 1798 2646 droxime
1829 2614 2092 2655 prescriptorum
2129 2599 2376 2659 comuniterssj

494 2677 675 2707 tenuerunt
701 2677 732 2707 et
758 2675 977 2716 possiderunt
1002 2676 1034 2707 et
1059 2675 1160 2707 hodie
1185 2677 1298 2707 tenent
1323 2677 1354 2707 et
1379 2675 1557 2716 possident
1574 2675 1753 2709 ecclesiam
1778 2676 1886 2709 sancti
1911 2675 2104 2718 Augustini,
2128 2675 2375 2722 antiquitus-3³

496 2740 723 2779 nuncupatam
750 2738 856 2770 sancti
883 2737 972 2770 Petri
999 2738 1031 2769 in
1057 2737 1143 2770 cello
1168 2747 1281 2776 aureo,
1307 2738 1405 2771 sitam
1432 2738 1463 2769 in
1490 2737 1596 2771 Pavia
1621 2738 1653 2771 in
1677 2738 1848 2772 cittadella
1872 2738 2020 2771 civitatis
2055 2737 2172 2780 Papie,
2196 2740 2230 2772 et
2252 2738 2318 2772 ibi·-

495 2801 570 2832 dem
598 2801 629 2832 in
656 2801 730 2841 ipsa
756 2799 912 2839 ecclesia,
939 2801 971 2832 in
998 2809 1065 2832 uno
1090 2802 1121 2833 et
1146 2800 1265 2833 eodem
1292 2801 1410 2839 choro,
1435 2801 1692 2834 celebraverunt
1716 2802 1749 2834 et
1773 2801 1896 2834 cotidie
1920 2801 2103 2834 cellebrant
2127 2801 2243 2834 divina
2266 2795 2374 2852 οὶ--. Ι

554 2984 585 3010 (i)
600 2984 655 3006 Cioe
670 2985 786 3007 sacerdoti
809 2986 907 3007 seculari
929 2985 1019 3008 addetti
1043 2991 1110 3008 come
1131 2986 1260 3013 cappellani
1275 2986 1297 3008 ai
1312 2986 1387 3008 Cano-
1442 2987 1472 3013 gli
1498 2987 1622 3009 Ere-mitani
1637 2987 1666 3015 ed
1681 2987 1687 3010 i
1702 2986 1812 3011 Quonici
1827 2987 1849 3009 vi
1864 2991 1903 3008 era
1918 2992 1950 3008 un
1964 2987 2030 3009 terzo
2051 2987 2175 3014 elemento.
2190 2992 2204 3009 a
2225 2986 2317 3014 mppri-
2354 2985 2360 2992 ²

502 3028 546 3049 nici
562 3034 603 3054 per
613 3029 626 3049 il
637 3029 737 3050 servizio
752 3029 812 3051 delle
826 3030 904 3051 chiese
920 3032 1078 3057 raggruppate
1093 3030 1186 3052 intorno
1200 3031 1222 3052 al
1237 3032 1380 3057 monastero,
1436 3037 1498 3054 mere
1513 3031 1528 3052 il
1543 3031 1612 3058 quale
1626 3031 1657 3058 gii
1672 3030 1816 3059 Agostiniani
1832 3031 1852 3053 si
1865 3031 2032 3058 adoperavano
2047 3030 2225 3054 lodevolmente.

504 3073 555 3094 vale
569 3078 583 3094 a
598 3073 647 3094 dire
661 3072 684 3095 S.
701 3073 788 3100 Pietro,
803 3073 826 3095 S.
850 3074 949 3100 Andrea,
971 3073 994 3096 S.
1018 3075 1124 3096 Micbeler
1141 3075 1165 3096 ln
1180 3075 1212 3097 tal
1234 3075 1304 3098 modo
1325 3076 1385 3097 oltre
