2496 3600
1973 225 2036 257 147

216 355 373 390 abbatem
397 353 602 387 antedictum
628 353 670 386 de
695 354 785 386 omni
811 354 970 395 dampno,
996 355 1159 387 interesse
1183 357 1215 387 et
1239 355 1413 395 expensis,
1438 364 1504 395 que
1529 364 1588 396 per
1613 356 1708 397 ipsos
1734 357 1889 397 priorem,
1914 357 2036 390 fratres.

216 418 249 451 et
271 417 475 450 conventum
500 415 682 448 incurreret
706 424 768 448 seu
793 416 962 448 incurrere
1000 419 1128 458 posset,
1153 418 1220 449 tam
1258 417 1446 448 secundum
1479 416 1620 449 formam
1647 417 1727 449 iuris
1753 420 1907 451 comunis
1933 429 2032 460 quam

144 470 164 514 ’ζὴ
215 479 325 515 eciam
345 477 532 520 secundum
569 477 707 510 formam
744 478 910 510 dictorum
947 481 1122 520 pactorum
1147 480 1180 511 et
1205 479 1371 520 privilegii
1404 480 1478 518 etc.,
1504 481 1603 520 prout
1628 480 1676 512 sic
1703 480 1754 512 vel
1780 481 1875 513 aliter
1899 484 1931 513 et
1956 483 2037 522 plus

215 540 269 575 vel
301 540 415 573 minus
447 540 609 573 contineri
647 541 833 581 reperiatur
867 541 899 573 in
933 541 1082 582 quodam
1109 540 1331 574 instrumento
1366 542 1456 574 dicte
1491 542 1774 581 denunciationis,
1811 543 1879 576 fieri
1918 547 2033 586 rogato

226 612 315 637 anno
345 603 378 635 et
413 602 583 638 indicione
617 603 844 644 presentibus,
870 603 924 636 die
950 604 1115 645 vigesimo
1141 604 1259 645 quinto
1284 604 1410 636 mensis
1435 605 1581 646 augusti,
1608 603 1727 637 Betino
1752 605 1794 637 de
1819 605 1940 639 Tercio
1964 608 2033 640 filio

122 649 161 707 ⁴4
214 665 385 708 quondam
410 663 575 697 Lantermi
602 665 732 697 notario
749 662 810 705 (1).
848 665 976 698 Idcirco
1009 668 1214 698 memoratus
1250 666 1351 698 frater
1387 665 1553 699 Iohannes
1590 667 1744 699 sindicus
1769 670 1800 700 et
1826 672 2036 709 procurator,

225 727 407 762 sindicario
432 728 465 759 et
489 728 721 768 procuratorio
739 728 873 760 nomine
899 730 933 760 ut
959 737 1073 769 supra,
1098 729 1185 760 dixit
1209 731 1242 761 et
1267 731 1474 770 protestatus
1499 729 1561 762 fuit
1586 738 1625 762 ac
1650 730 1737 762 dixit
1761 732 1793 763 et
1818 733 2032 772 protestatur,

215 798 334 823 versus
358 798 411 822 me
429 789 594 822 notarium
613 789 863 831 infrascriptum
881 792 1040 832 tanquam
1059 791 1230 832 publicam
1249 800 1430 833 personam
1449 792 1672 833 solempniter
1692 794 1908 834 recipientem
1927 796 1957 826 et
1975 796 2034 827 sti-

134 893 159 903 „
213 851 395 895 palantem,
420 852 555 884 nomine
580 854 613 884 et
638 852 712 884 vice
738 852 818 884 dicti
843 853 970 885 domini
997 853 1131 886 abbatis
1156 856 1188 885 et
1213 854 1455 886 monachorum
1481 863 1520 887 ac
1547 855 1740 887 monasterii
1766 856 1873 888 sancti
1891 855 1980 888 Petri
1999 858 2031 889 in

195 902 286 948 *celo
309 923 422 953 aureo,
447 914 539 955 quo'd
557 923 618 955 per
634 915 900 956 suprascriptam
927 916 1214 956 protestationem,
1240 916 1310 948 fieri
1338 918 1487 958 rogatam
1521 916 1640 949 Betino
1666 918 1707 949 de
1733 917 1855 950 Tercio
1891 920 2032 958 notario,

212 975 282 1009 filio
304 975 477 1017 quondam
510 975 689 1015 Lantermi,
714 976 852 1017 publico
877 977 1039 1018 imperiali
1065 978 1263 1011 auctoritate
1290 979 1430 1017 notario,
1456 988 1522 1010 non
1549 979 1690 1011 intendit
1723 988 1784 1012 nec
1809 980 1880 1013 vult
1904 981 2031 1022 aliquid

212 1040 324 1081 petere
349 1039 533 1071 memorato
569 1038 707 1071 domino
732 1038 856 1071 Abbati
882 1048 943 1080 pro
968 1040 1131 1081 expensis
1155 1040 1255 1072 tactis
1280 1042 1311 1072 et
1335 1050 1401 1082 que
1438 1041 1480 1073 de
1517 1043 1630 1074 cetero
1666 1042 1735 1074 fieri
1773 1044 1960 1085 contigerit,
1991 1044 2036 1076 de

213 1100 371 1134 mandato
395 1102 428 1134 et
452 1101 676 1142 imposicione
713 1101 852 1134 illustris
888 1103 921 1134 et
956 1102 1081 1134 excelsi
1119 1102 1284 1143 principis
1316 1102 1442 1135 domini
1468 1102 1613 1136 Comitis
1638 1103 1804 1137 Virtutum
1830 1107 1862 1137 et
1887 1105 2034 1147 impoxi-

207 1163 308 1196 cione
331 1162 459 1196 domini
485 1161 620 1196 Antonii
647 1161 802 1195 Delvano
826 1163 1001 1196 canzelarii
1027 1164 1191 1202 eiusdem,
1217 1164 1258 1196 de
1284 1164 1432 1197 denariis
1458 1165 1666 1198 oblationum
1693 1166 1853 1199 factarum
1871 1169 1903 1199 et
1920 1167 1962 1199 de
1979 1177 2037 1200 ce-

211 1226 283 1258 tero
305 1225 491 1258 fiendarum
517 1225 699 1258 occasione
725 1225 934 1258 oblationum
960 1226 1193 1268 exequiarum,
1218 1235 1284 1267 que
1310 1227 1374 1258 iam
1400 1227 1536 1259 duobus
1561 1228 1659 1260 annis
1685 1229 1839 1269 proxime
1865 1230 2032 1271 preteritis

210 1287 298 1320 facte
322 1287 456 1320 fuerunt
480 1289 512 1320 et
536 1287 578 1320 de
603 1289 719 1320 cetero·
738 1288 809 1320 fieri
835 1288 1008 1330 continget
1032 1297 1094 1330 pro
1118 1288 1322 1322 anniversali
1348 1289 1526 1322 recolende
1553 1291 1711 1323 memorie
1738 1291 1906 1333 magnifici
1925 1295 1957 1324 et
1974 1302 2037 1324 ex-

211 1350 292 1384 celsi
317 1350 445 1383 domini
471 1348 609 1390 Galeaz,
634 1350 788 1383 eiusdem
813 1351 940 1383 domini
966 1349 1110 1384 Comitis
1135 1351 1306 1393 genitoris,
1332 1361 1409 1384 cum
1435 1361 1495 1384 sue
1521 1353 1734 1392 intencionis‚
1764 1354 1947 1387 sindicario
1973 1364 2037 1387 no-

211 1413 300 1446 mine
334 1414 434 1454 prout
469 1421 584 1455 supra,
621 1421 755 1455 semper
790 1413 890 1446 fuerit
914 1415 946 1446 et
971 1414 1014 1446 sit
1039 1413 1131 1455 quod
1164 1414 1253 1446 dicte
1290 1423 1441 1455 expense
1478 1415 1558 1447 fiant
1584 1416 1615 1447 in
1642 1417 1853 1457 reparatione
1890 1417 2032 1450 ecclesie

211 1475 372 1518 predicte,
405 1476 593 1509 secundum
619 1475 826 1508 voluntatem
863 1476 1018 1517 prelibati
1048 1475 1183 1508 Domini
1221 1477 1337 1516 nostri,
1374 1477 1505 1519 absque
1542 1487 1582 1511 eo
1619 1479 1722 1519 quod,
1759 1488 1799 1511 ea
1835 1480 2035 1519 occaxione,

211 1537 315 1571 velint
349 1538 477 1580 aliquid
503 1538 556 1572 vel
582 1538 757 1571 intendant
782 1540 895 1580 petere
920 1540 1036 1572 contra
1061 1539 1187 1572 dictum
1213 1539 1387 1572 dominum
1414 1539 1591 1573 Abbatem.
1618 1540 1657 1573 Et
1683 1542 1892 1574 renunciavit
1922 1545 1953 1574 et
1983 1552 2033 1575 re—

209 1601 347 1634 nunciat
363 1601 476 1634 dictus
500 1601 660 1634 dominus
685 1601 786 1634 frater
799 1601 967 1634 lohannes
983 1602 1075 1634 dicto
1093 1602 1277 1635 sindicario
1295 1603 1429 1635 nomine
1448 1611 1569 1636 versus
1587 1604 1752 1636 notarium
1772 1604 2034 1646 infrascriptum,

210 1663 344 1696 nomine
369 1672 439 1705 quo
463 1672 567 1706 supra
603 1664 832 1705 recipientem,
868 1665 1061 1706 exceptioni
1087 1674 1154 1697 non
1179 1664 1267 1697 facte
1292 1665 1381 1697 dicte
1414 1667 1668 1706 protestationis
1704 1667 1863 1708 omnique
1888 1667 1943 1699 alii
1970 1668 2030 1699 iuri

209 1726 242 1758 in
267 1726 482 1766 contrarium,
507 1735 546 1759 ac
572 1726 732 1759 omnibus
757 1727 1024 1768 probacionibus
1049 1729 1082 1759 et
1106 1727 1399 1769 productionibus,
1426 1729 1562 1761 testium
1587 1731 1703 1761 contra
1740 1730 1891 1770 predicta
1919 1731 2031 1762 omnia

208 1790 242 1822 et
265 1789 410 1831 singula,
435 1791 467 1822 et
491 1789 569 1822 inde
594 1789 707 1822 dictus
731 1789 891 1822 dominus
927 1789 1028 1822 frater
1052 1789 1219 1822 lohannes
1243 1790 1335 1823 dicto
1359 1791 1543 1823 sindicario
1569 1792 1703 1824 nomine
1737 1792 1868 1834 rogavit
1894 1801 1945 1825 me
1972 1802 2032 1825 no-

209 1851 329 1884 tarium
355 1851 605 1894 infrascriptum
631 1853 666 1885 ut
690 1852 733 1885 de
758 1852 935 1894 premissis
960 1853 1133 1895 publicum
1159 1853 1336 1886 conficiam
1378 1853 1646 1893 instrumentum,
1680 1855 1896 1896 presentibus
1922 1855 2037 1888 Ludo—

207 1913 310 1947 vicho
334 1913 452 1947 Bulcio
476 1914 546 1947 filio
570 1914 743 1956 quondam
769 1914 977 1954 Francischi,
1001 1914 1256 1948 >Francischino
1281 1916 1323 1948 de
1349 1915 1509 1948 Amadeis
1534 1917 1603 1948 tilio
1629 1916 1798 1956 Iohannis,
1837 1916 1959 1950 Iacobo
1988 1918 2030 1950 de

207 1973 412 2010 Christianis
436 1976 507 2009 filio
531 1977 704 2019 quondam
740 1977 867 2009 dornini
906 1977 1135 2010 Francischini
1173 1978 1367 2019 iurisperiti,
1392 1980 1425 2011 et
1450 1978 1691 2011 lohannebono
1727 1979 1769 2012 de
1798 1978 1965 2022 Pergamo
1989 1980 2031 2012 de

207 2036 324 2071 Platea
346 2038 418 2071 filio
441 2039 613 2080 quondam
639 2038 784 2081 Augusti
810 2039 887 2072 inde
919 2039 1075 2073 testibus.

295 2099 368 2143 Ego
392 2099 576 2135 Catelanus
601 2101 643 2134 de
669 2099 874 2135 Christianis
890 2099 942 2142 (2)
978 2102 1138 2144 publicus
1174 2103 1351 2144 papiensis
1387 2105 1419 2136 et
1455 2104 1618 2145 imperiali
1656 2105 1854 2137 auctoritate
1881 2106 2034 2137 notarius-

206 2163 293 2196 hanc
317 2165 444 2197 cartam
469 2164 571 2205 michi·
594 2164 665 2197 fieri
691 2165 820 2197 iussam
847 2166 942 2207 rogat
967 2165 1090 2198 tradidi
1116 2167 1148 2198 et
1173 2165 1375 2207 subscripsi.

297 2225 370 2268 Ego
395 2225 666 2260 Franceschinus
702 2227 744 2260 de
781 2226 944 2260 Amadeis
970 2228 1012 2260 de
1045 2226 1217 2260 Placentia
1254 2228 1414 2269 publicus
1450 2229 1614 2270 imperiali
1640 2229 1837 2262 auctoritate
1876 2230 2026 2262 notarius

207 2288 293 2320 hanc
317 2290 442 2321 cartam
467 2289 563 2321 iussu
589 2289 813 2331 suprascripti
839 2290 958 2322 notarii
985 2290 1119 2331 scripsi.

262 2445 294 2472 (1)
307 2445 401 2472 Quanto
416 2446 450 2468 ἐξ
465 2446 531 2469 detto
543 2446 574 2469 tin
585 2447 624 2474 qul
635 2447 671 2469 nel
682 2447 831 2474 documento,
842 2447 952 2475 riguardo
962 2447 984 2470 al
995 2447 1090 2475 plumbo

210 2489 248 2512 del
266 2491 328 2512 tetto
342 2490 372 2512 ed
385 2490 408 2512 nl
422 2496 537 2513 concorzo
558 2490 594 2513 del
617 2490 727 2514 Canonlci
748 2492 808 2514 nelle
826 2497 905 2519 spese,
926 2497 973 2515 non
987 2492 1000 2514 e
1014 2493 1056 2514 che
1077 2492 1092 2514 ll

210 2533 328 2556 dmunto
343 2534 366 2556 dl
381 2540 411 2557 un
425 2535 566 2558 {strumento
580 2535 602 2557 di
618 2537 733 2563 protesta,
748 2537 832 2563 rogato
846 2536 876 2558 da
890 2535 985 2559 Bettino
1008 2536 1076 2559 Terzl
1084 2554 1089 2564 ,

209 2582 224 2600 ι
237 2577 354 2600 domanda
368 2578 429 2606 degli
445 2579 579 2606 Eremltanl,
594 2579 646 2602 1125
655 2581 740 2607 agosto
757 2580 848 2603 ultimo.
860 2580 892 2602 La
901 2582 969 2608 parte
979 2581 1092 2608 ueguente

211 2622 317 2644 contiene
330 2622 353 2644 la
367 2624 478 2645 eost-anza
493 2623 516 2645 di
531 2623 568 2646 clo
581 2624 624 2646 che
638 2624 668 2651 gli
683 2624 809 2646 Eremltani
823 2624 938 2647 chledono
956 2624 993 2647 col
1009 2626 1092 2647 nostro

210 2665 360 2694 documento,
382 2667 434 2690 vale
446 2672 461 2689 a
475 2668 525 2691 dire
538 2668 580 2690 che
595 2668 610 2690 11
631 2673 745 2691 concorzo
766 2668 803 2690 del
824 2668 934 2692 canonici
957 2669 1002 2691 aue
1021 2674 1092 2696 spese

211 2710 312 2734 domae
324 2710 380 2734 farti
395 2711 425 2733 da
440 2712 486 2734 ezel
501 2717 545 2734 con
559 2712 655 2740 dermro¹
666 2712 760 2735 diverso
769 2713 808 2735 dal
816 2712 888 2735 londo
898 2713 1021 2735 costitulto
1031 2702 1092 2735 dalle

210 2759 287 2778 annue
300 2755 383 2778 oflerte
393 2755 416 2778 di
426 2755 485 2779 OEnn
499 2755 625 2784 Galeazzo,
635 2757 658 2778 ln
668 2757 792 2779 occasione
805 2757 1019 2780 dell'nnnlversnrio
1029 2757 1089 2780 dena

210 2800 286 2822 morte
300 2799 337 2822 del
352 2800 433 2828 pedm
454 2800 537 2828 poiche
558 2802 644 2828 questo
665 2801 752 2823 denaro
776 2806 818 2828 per
838 2806 949 2829 cupresso
969 2802 1048 2824 volere
1069 2802 1092 2823 dl

1146 2447 1203 2470 olan
1218 2447 1335 2470 oaieazzo
1357 2454 1402 2470 non
1422 2450 1508 2475 poteva
1530 2449 1662 2475 impiegarsl
1684 2448 1817 2470 altrlmenti.
1841 2448 1897 2470 Vedi
1919 2449 1933 2470 il
1955 2449 2025 2471 XXIV

1147 2492 1317 2514 considerando
1332 2492 1391 2514 della
1407 2494 1518 2514 sentenza
1533 2492 1584 2514 doc.
1601 2498 1622 2513 n.
1639 2492 1716 2514 XClX.

1197 2537 1228 2563 (2)
1243 2537 1401 2559 L'intervento
1417 2537 1439 2558 di
1454 2536 1566 2559 catelano
1581 2536 1689 2559 Cristianl
1705 2537 1784 2559 notaio
1795 2537 1817 2559 dl
1828 2537 1886 2559 olan
1901 2536 2025 2563 Galeazm,

1147 2581 1169 2603 ln
1183 2581 1319 2608 quest'atto
1333 2581 1483 2608 riguardante
1493 2587 1523 2602 un
1533 2581 1605 2603 fondo
1619 2581 1742 2603 costituito
1752 2581 1814 2603 dallo
1824 2582 1903 2603 stesso
1913 2581 2026 2607 Vlsconti,

1146 2625 1217 2647 lascia
1241 2630 1356 2652 suppone
1371 2625 1413 2647 che
1428 2625 1505 2651 questi
1527 2630 1572 2646 non
1587 2625 1609 2646 vi
1630 2624 1694 2646 fosse
1716 2626 1833 2652 estraneo,
1848 2630 1861 2647 e
1875 2625 1917 2647 che
1938 2630 2026 2652 appog-

1147 2669 1224 2696 giasse
1238 2669 1259 2691 le
1273 2668 1389 2691 domande
1403 2668 1463 2695 degli
1478 2668 1631 2695 Agostiniani.
1647 2669 1741 2690 intorno
1755 2674 1768 2690 a
1784 2670 1869 2696 questo
1883 2655 1963 2691 noiaio
1973 2669 2025 2691 vedl

1146 2713 1284 2740 MAioccffl,
1309 2713 1425 2735 Catelano
1446 2712 1564 2735 castrant
1578 2713 1661 2735 notaio
1676 2713 1804 2739 visconreo,
1826 2712 1905 2740 Pavia.
1927 2713 2027 2740 Artigia-

1144 2757 1204 2780 nelli.
1222 2757 1280 2780 l9oe.
