2496 3600
1957 245 1978 278 5

165 375 275 408 dictis.
300 373 379 407 ltem
404 373 685 406 renunciaverunt
709 372 820 414 spatio
845 374 989 414 quatuor
1013 372 1178 405 mensium
1203 373 1235 404 et
1259 371 1437 413 privilegio
1461 370 1534 409 fori,
1560 371 1604 403 ita
1629 371 1720 412 quod
1746 371 1856 402 dictus
1881 370 1981 402 frater

165 435 376 475 Nicholinus,
401 435 535 467 nomine
559 434 639 467 dicti
664 433 813 473 Ordinis,
838 437 870 467 et
894 435 968 476 ipse
993 433 1086 467 Ordo
1111 436 1143 466 et
1167 434 1220 466 cui
1245 433 1399 466 dederint
1423 433 1556 474 possint
1580 435 1612 465 et
1629 432 1762 465 valeant
1779 433 1874 474 ipsos
1892 431 1982 466 Rufi-

167 506 246 532 num
270 499 303 531 et
326 496 500 539 Paganum
524 498 557 529 et
581 505 829 538 quemcumque
854 497 1004 538 ipsorum
1030 497 1062 528 in
1087 496 1244 535 solidum,
1269 504 1452 536 eorumque
1478 495 1567 527 bona
1603 495 1715 527 omnia
1749 495 1919 536 presentia
1950 496 1982 526 et

166 560 287 599 futura,
312 559 437 601 ubique
461 561 622 591 terrarum
647 561 680 591 et
704 559 768 591 sub
794 558 945 599 quolibet
970 559 1080 591 iudice
1106 558 1158 591 vel
1185 560 1323 597 rectore,
1348 559 1380 590 et
1404 559 1471 590 tam
1496 558 1560 590 sub
1586 557 1696 590 iudice
1715 557 1856 589 seculari
1882 565 1982 597 quam

168 621 322 664 regulari,
346 623 379 654 et
401 622 468 653 tam
494 620 626 653 realiter
650 629 750 662 quam
776 620 1007 661 personaliter,
1032 620 1224 653 convenire.
1250 619 1290 652 Et
1314 620 1392 652 inde
1425 619 1536 651 omnia
1561 628 1675 651 eorum
1701 619 1790 651 bona
1815 618 1984 659 presentia

168 685 201 717 et
223 683 334 716 futura
357 683 423 725 ipsi
448 682 589 717 Rufinus
613 684 646 715 et
670 681 829 724 Paganus
854 684 885 715 et
910 683 1066 724 quisquis
1091 683 1240 724 ipsorum
1266 682 1298 714 in
1324 681 1469 714 solidum
1495 681 1559 723 ipsi
1585 681 1675 713 fratri
1704 681 1902 719 Nicholino,
1927 689 1987 712 no-

168 746 255 779 mine
280 745 360 778 dicti
385 744 535 784 Ordinis,
561 745 625 786 ipsi
652 743 770 777 Ordini
797 744 927 786 pigneri
953 744 1199 786 obligaverunt.
1226 744 1368 785 Insuper
1408 743 1544 776 domina
1580 741 1729 776 Castella
1754 751 1840 774 uxor
1869 751 1988 783 supra-

169 808 284 849 scripti
310 806 430 846 Rufini,
455 816 521 848 que
546 807 578 839 in
604 807 781 848 presencia
807 807 1028 848 suprascripti
1047 806 1199 839 consulis
1217 806 1262 838 ibi
1280 806 1431 848 adhybiti
1451 807 1482 838 et
1500 806 1610 838 vocati
1629 805 1704 837 loco
1722 805 1986 846 propinquorum

170 871 345 912 parentum
370 869 478 911 ipsius
503 869 638 901 domine
663 866 811 901 Castelle
837 869 1072 909 nequiencium
1098 868 1232 907 adesse,
1261 868 1419 900 confessa
1443 867 1504 900 fuit
1530 876 1566 900 se
1592 867 1664 909 lege
1702 867 1815 899 vivere
1852 875 1988 898 romana

171 940 210 964 ac
250 939 419 964 consensu
455 930 676 972 suprascripti
707 930 768 962 viri
794 930 858 969 sui,
885 930 930 962 ibi
956 930 1134 971 presentis,
1160 931 1191 962 et
1217 929 1340 962 nullam
1378 939 1438 971 per
1472 929 1665 962 violentiam
1691 937 1710 960 a
1735 929 1894 970 quopiam
1931 929 1991 960 ho-

171 993 270 1032 mine,
295 992 356 1025 sed
381 1001 444 1025 sua
468 993 558 1025 bona
582 993 614 1024 et
639 993 827 1033 spontanea
847 991 1023 1024 voluntate
1049 992 1147 1024 etiam
1174 992 1305 1024 nemine
1330 991 1563 1032 compellente,
1582 992 1784 1024 renuntiavit
1802 999 1922 1023 versus
1939 990 1989 1022 di-

172 1057 261 1088 ctum
285 1054 418 1087 fratrem
454 1053 688 1092 Nicholinum‚
725 1053 859 1085 nomine
884 1053 963 1085 dicti
990 1052 1146 1092 Ordinis,
1172 1055 1204 1085 et
1229 1062 1348 1085 versus
1374 1053 1484 1094 ipsum
1510 1052 1670 1086 Ordinem
1696 1055 1727 1085 et
1752 1053 1804 1085 cui
1838 1052 1990 1084 dederint

173 1116 338 1150 beneficio
362 1117 501 1148 senatus
526 1115 670 1148 consulti
697 1114 852 1147 velleiani
879 1116 911 1147 et
935 1115 1024 1146 omni
1050 1123 1113 1147 suo
1139 1115 1199 1146 iuri
1225 1115 1467 1156 ypothecarum
1492 1115 1583 1156 quod
1603 1115 1677 1156 ipsa
1695 1115 1841 1147 habebat
1858 1114 1900 1146 ad
1918 1114 1990 1146 exi-

173 1179 320 1222 gendum
345 1179 377 1211 et
400 1178 582 1220 petendum
607 1179 640 1210 et
658 1170 800 1219 'exigere
826 1178 858 1209 et
883 1179 996 1218 petere
1021 1178 1151 1218 poterat
1176 1179 1208 1209 et
1232 1178 1350 1218 posset
1375 1177 1476 1208 modo
1504 1177 1618 1218 aliquo
1644 1177 1675 1209 in
1706 1177 1804 1209 bonis
1833 1176 1990 1208 omnibus

173 1241 338 1274 dictorum
375 1239 484 1275 Rufini
509 1242 541 1272 et
566 1239 693 1282 Pagani
719 1240 751 1271 et
775 1239 942 1280 cuiusque
979 1239 1129 1280 ipsorum
1155 1241 1187 1271 et
1212 1239 1244 1270 in
1270 1239 1511 1279 suprascriptis
1547 1239 1705 1271 domibus
1730 1240 1762 1271 et
1790 1238 1992 1270 casamentis

174 1304 207 1336 et
231 1302 454 1335 sediminibus
478 1303 511 1334 et
535 1301 626 1334 volta
651 1300 808 1333 venditis.
834 1300 883 1333 Eo
909 1300 1010 1333 modo
1035 1301 1127 1342 quod
1153 1301 1194 1332 de
1221 1302 1332 1333 cetero
1354 1300 1477 1332 exinde
1503 1301 1655 1341 predicto
1680 1301 1749 1332 iure
1775 1309 1848 1338 suo,
1874 1308 1993 1332 versus

175 1364 301 1397 dictum
325 1363 458 1396 fratrem
483 1363 699 1396 Nicholinum
724 1363 858 1394 nomine
883 1364 915 1395 et
940 1363 1014 1395 vice
1032 1362 1111 1395 dicti
1137 1361 1275 1395 Ordinis
1293 1364 1325 1394 et
1349 1371 1469 1394 versus
1487 1362 1612 1394 dictum
1638 1361 1798 1394 Ordinem
1816 1363 1847 1394 et
1865 1362 1918 1393 cui
1936 1361 1995 1393 de-

175 1426 284 1459 derint
307 1426 397 1458 omni
422 1427 583 1467 tempore,
609 1425 711 1457 stabit
735 1425 836 1457 tacita
860 1426 892 1457 et
917 1426 1073 1456 contenta
1098 1433 1159 1466 per
1182 1433 1219 1456 se
1245 1433 1395 1465 suosque
1421 1424 1563 1456 heredes
1588 1425 1619 1456 et
1644 1425 1759 1456 contra
1785 1432 1849 1455 non
1884 1423 1995 1455 veniet

176 1488 277 1521 modo
301 1487 416 1529 aliquo
440 1488 510 1520 iure
536 1487 588 1520 vel
614 1476 718 1520 casu:
745 1486 822 1528 lpsa
857 1487 994 1519 domina
1030 1484 1180 1519 Castella
1215 1487 1310 1527 prius
1346 1486 1526 1518 certificata
1562 1495 1622 1527 per
1658 1495 1709 1518 me
1746 1485 1993 1526 infrascriptum

176 1548 450 1584 Carnelevarium
467 1550 509 1582 de
526 1548 651 1583 Sancta
675 1548 839 1582 Mustiola
863 1548 1036 1590 publicum
1062 1549 1227 1581 notarium
1252 1548 1294 1580 de
1319 1548 1472 1589 predicto
1497 1548 1567 1580 iure
1593 1556 1656 1580 suo
1681 1549 1713 1580 et
1731 1556 1767 1580 se
1785 1549 1900 1579 contra
1919 1556 1993 1588 pre-

178 1613 268 1646 dicta
292 1621 395 1654 posse
420 1621 463 1645 ex
489 1612 562 1654 lege
586 1612 681 1644 tueri.
707 1611 747 1644 Et
771 1611 1016 1644 constituerunt
1041 1611 1105 1653 ipsi
1132 1610 1272 1645 Rufinus
1297 1613 1329 1643 et
1353 1610 1512 1652 Paganus
1537 1612 1568 1643 et
1599 1610 1743 1651 quisque
1777 1610 1926 1651 ipsorum
1960 1618 1996 1642 se

177 1674 220 1707 de
244 1676 356 1708 cetero
379 1675 492 1707 tenere
517 1676 549 1707 et
573 1673 750 1715 possidere
775 1673 829 1706 vel
855 1673 952 1715 quasi
978 1673 1228 1715 suprascriptas
1265 1673 1385 1705 domos
1421 1673 1494 1705 sive
1531 1674 1724 1705 casamenta
1748 1673 1780 1704 et
1805 1671 1929 1703 voltam
1966 1673 1998 1703 et

179 1736 344 1770 sedimina
368 1737 517 1778 ipsarum
542 1737 577 1768 ut
602 1745 705 1777 supra
729 1736 855 1769 dictum
880 1737 932 1768 est
957 1736 1092 1768 nomine
1117 1737 1149 1768 et
1175 1735 1248 1767 vice
1278 1735 1499 1776 suprascripti
1535 1734 1645 1766 fratris
1670 1734 1838 1766 Nicholini
1864 1734 1997 1765 nomine

179 1799 212 1831 et
235 1798 309 1832 vice
349 1798 428 1831 dicti
465 1797 604 1831 Ordinis
628 1799 660 1830 et
684 1798 819 1831 nomine
856 1798 966 1839 ipsius
995 1796 1153 1836 Ordinis,
1189 1797 1303 1829 dando
1339 1806 1382 1829 ex
1418 1805 1506 1843 nunc
1543 1796 1572 1828 ei
1609 1796 1840 1837 suprascripto
1866 1795 1998 1827 nomine

180 1860 354 1894 licenciam
390 1862 422 1893 et
457 1861 659 1902 potestatem
700 1860 843 1892 intrandi
884 1860 962 1892 inde
999 1860 1031 1891 in
1067 1861 1215 1892 tenutam
1252 1860 1284 1892 et
1323 1858 1532 1900 corporalem
1562 1858 1817 1899 possessionem
1842 1859 1874 1890 et
1899 1857 1996 1898 quasi

177 1922 220 1956 de
255 1922 417 1964 predictis
453 1922 612 1955 domibus
644 1924 676 1955 et
711 1922 915 1955 casamentis
940 1923 972 1954 et
997 1921 1088 1954 volta
1124 1923 1156 1954 et
1192 1921 1416 1954 sediminibus
1449 1920 1596 1953 venditis
1629 1922 1660 1952 et
1691 1919 1836 1952 faciendi
1870 1919 1996 1952 exinde

180 1984 342 2027 quicquid
367 1984 534 2017 voluerint
558 1993 673 2016 eorum
713 1984 910 2016 auctoritate
947 1983 1267 2025 quomodocumque
1293 1983 1322 2015 ei
1348 1984 1380 2015 et
1405 1983 1495 2015 dicto
1521 1981 1638 2015 Ordini
1675 1981 1847 2023 placuerit.
1874 1981 1914 2013 Et
1939 1990 1999 2022 pro

181 2046 247 2083 hiis
269 2046 470 2079 vendicione
495 2047 527 2078 et
551 2046 631 2078 dato
654 2045 788 2078 fuerunt
813 2045 961 2078 confessi
987 2045 1208 2087 suprascripti
1242 2044 1383 2078 Rufinus
1407 2046 1440 2076 et
1464 2043 1623 2086 Paganus
1647 2045 1679 2076 et
1704 2044 1848 2084 quisque
1885 2052 1998 2075 eorum

181 2108 214 2140 in
239 2107 385 2141 solidum
410 2116 531 2140 versus
556 2107 681 2140 dictum
710 2107 844 2140 fratrem
880 2107 1095 2140 Nicholinum
1122 2116 1158 2140 se
1183 2107 1360 2148 accepisse
1385 2108 1417 2139 et
1442 2106 1604 2138 habuisse
1640 2106 1683 2138 ab
1719 2114 1760 2138 eo
1797 2105 1931 2137 nomine
1968 2107 2000 2137 et

181 2170 255 2203 vice
280 2170 360 2203 dicti
377 2168 516 2203 Ordinis
541 2170 675 2202 dantem
701 2171 733 2202 et
757 2167 1239 2211 solventem'suprascriptum
1265 2169 1414 2210 precium
1439 2170 1555 2207 totum,
1570 2168 1727 2200 videlicet
1746 2167 1848 2199 libras
1866 2170 1998 2199 centum

181 2232 374 2274 octuaginta
409 2232 603 2276 papienses,
640 2231 862 2264 renuntiando
887 2232 1079 2273 exceptioni
1117 2240 1183 2264 non
1220 2231 1351 2272 accepti
1388 2233 1420 2263 et
1445 2240 1510 2263 non
1545 2229 1706 2262 numerati
1743 2230 1845 2270 precii
1877 2231 1908 2261 et
1933 2238 1998 2261 non

183 2296 353 2327 numerate
377 2294 521 2336 pecunie
539 2295 571 2327 et
589 2294 782 2335 exceptioni
801 2294 868 2326 doli
894 2294 971 2326 mali
990 2295 1022 2326 et
1044 2294 1116 2326 sine
1142 2302 1246 2326 causa
1271 2295 1303 2326 et
1327 2302 1370 2326 ex
1396 2293 1520 2325 iniusta
1544 2301 1648 2325 causa
1673 2294 1704 2324 et
1730 2291 1852 2324 infecta
1870 2293 1901 2323 et
1926 2291 1998 2332 spei

180 2355 289 2389 future
314 2356 527 2398 receptionis.
553 2355 593 2388 Et
618 2356 662 2388 ita
686 2356 798 2388 dictus
823 2354 951 2389 Consul
977 2365 1020 2388 ex
1045 2357 1139 2398 parte
1175 2355 1312 2397 publica
1337 2357 1369 2388 et
1393 2355 1435 2388 ad
1465 2363 1584 2396 preces
1609 2356 1641 2386 et
1666 2354 1855 2386 instantiam
1893 2353 1999 2385 dicto-

182 2426 254 2451 rum
277 2417 413 2451 fratrum
438 2418 480 2450 de
498 2416 622 2451 Sancta
639 2417 815 2450 Mustiolla
833 2417 941 2452 Rufini
960 2419 992 2450 et
1016 2417 1143 2460 Pagani
1170 2418 1321 2459 precepit
1345 2417 1395 2449 eis
1420 2418 1452 2449 et
1476 2417 1598 2458 cuique
1624 2416 1655 2447 in
1682 2416 1891 2448 sacramento
1909 2417 1941 2447 et
1966 2415 1997 2446 in

183 2479 328 2512 solidum
352 2482 520 2521 quatenus
555 2479 707 2521 predicta
743 2480 854 2512 omnia
879 2481 911 2512 et
935 2479 1068 2522 singula
1104 2479 1286 2518 attendant,
1323 2479 1506 2511 observent
1541 2478 1675 2510 solvant
1700 2479 1731 2509 et
1757 2477 1930 2509 restituant
1966 2477 1997 2508 in

179 2542 326 2584 ¹pecunia
350 2543 523 2574 numerata
547 2542 580 2574 in
605 2542 763 2574 omnibus
788 2543 820 2574 et
844 2550 904 2583 per
928 2542 1040 2574 omnia
1065 2543 1099 2574 ut
1128 2541 1285 2582 superius
1322 2542 1399 2573 sunt
1435 2541 1590 2573 contenta
1615 2542 1647 2572 et
1677 2538 1895 2571 determinata
1932 2538 1996 2571 nisi

183 2605 344 2646 quantum
368 2603 448 2637 dicti
473 2603 583 2636 fratris
608 2603 776 2636 Nicholini
818 2603 1050 2645 suprascripto
1075 2603 1209 2636 nomine
1234 2602 1287 2635 vel
1324 2603 1404 2635 dicti
1430 2601 1567 2635 Ordinis
1604 2601 1798 2633 remanserit
1827 2599 1997 2641 parabola.

186 2664 326 2707 Insuper
349 2666 429 2699 dicti
458 2665 600 2700 Rufinus
624 2667 656 2698 et
681 2665 840 2708 Paganus
865 2667 897 2698 et
922 2665 1011 2698 dicta
1047 2665 1183 2698 domina
1208 2663 1357 2698 Castella
1382 2664 1662 2696 renunciaverunt
1686 2662 1843 2695 omnibus
1877 2662 2000 2704 proba-

183 2726 339 2760 cionibus
362 2728 508 2767 testium,
533 2727 790 2760 defensionibus
815 2729 847 2759 et
871 2726 1140 2769 allegacionibus
1165 2729 1280 2760 contra
1305 2726 1455 2768 predicta
1480 2725 1591 2757 omnia
1616 2726 1648 2757 et
1672 2723 1815 2766 singula.
1856 2723 1896 2756 Et
1921 2723 1997 2756 inde

183 2787 263 2822 dicti
288 2787 416 2823 Consul
442 2791 474 2822 et
498 2789 735 2822 contrahentes
759 2788 874 2830 plures
899 2790 1008 2822 cartas
1032 2789 1102 2822 fieri
1144 2789 1331 2821 iussenunt.
1368 2787 1587 2820 lnterfuerunt
1623 2785 1808 2831 Gregorius
1844 2785 1999 2828 Mangia-

185 2849 233 2883 ria
255 2849 345 2884 filius
369 2851 539 2892 quondam
565 2850 727 2890 Lafranci,
752 2849 905 2883 Peronus
929 2850 1128 2892 Mangiaria,
1153 2849 1267 2883 Guido
1291 2850 1333 2882 de
1359 2848 1567 2881 Montebello
1591 2850 1623 2881 et
1643 2847 1791 2890 Jacobus
1808 2847 1850 2880 de
1868 2846 1998 2880 Solario

186 2910 263 2945 inde
287 2913 402 2946 testes.

274 2972 346 3016 Ego
363 2971 623 3007 Carnelevarius
639 2973 681 3006 de
699 2972 823 3007 Sancta
840 2972 1002 3006 Mustiola
1020 2973 1203 3014 imperialis
1220 2973 1370 3005 notarius
1387 2972 1472 3005 hanc
1490 2971 1650 3005 cartulam
1668 2971 1789 3004 tradidi
1815 2972 1847 3004 et
1864 2970 1995 3012 scripsi.
