2496 3600
1963 254 2024 286 169

181 386 283 415 *nrum
306 380 340 413 et
362 379 617 412 cellebratorum
643 388 703 420 per
727 381 759 413 et
784 381 870 413 inter
893 380 1112 414 Priorem·et
1148 366 1280 414 Fratres
1317 382 1552 416 Heremitanos
1588 384 1694 416 sancti
1732 383 1911 426 Augustini
1939 395 2019 418 con-

204 451 332 489 ventus
349 448 455 492 Papie
480 459 523 483 ex
549 452 643 491 parte
668 459 745 490 una,
770 453 803 483 et
827 452 1048 484 reverendum
1067 454 1195 493 patrem
1213 452 1385 485 dominum
1404 451 1574 494 philipum
1592 453 1655 486 Dei
1674 456 1704 486 et
1722 456 1908 496 apostolice
1926 455 2025 490 Sedis

246 521 313 555 atia
337 520 416 554 dicti
442 522 635 554 monasterii
660 522 768 554 sancti
794 521 882 555 Petri
909 523 941 554 in
967 523 1052 555 cello
1070 532 1173 556 aureo
1191 524 1367 565 papiensis
1384 524 1552 563 abbatem,
1570 526 1754 558 canonicos
1771 528 1803 558 et
1821 530 2023 559 conventum

226 583 359 617 iusdem
383 583 577 616 monasterii
603 592 646 615 ex
671 586 765 625 parte
789 584 865 623 alia,
890 584 1054 617 factorum
1080 594 1140 626 per
1164 586 1320 627 generale
1346 587 1530 627 capitulum
1555 587 1720 619 dictorum
1758 588 1894 620 fratrum
1932 590 2026 622 here-

144 638 181 692 fif*
203 638 359 681 initarum
383 646 490 678 sancti
516 644 696 687 Augustini
722 647 801 678 tunc
825 647 858 678 in
884 646 1041 679 Veneciis
1067 646 1336 681 Castellanensis
1361 647 1527 688 Diocesis,
1553 650 1710 682 videlicet
1727 651 1759 682 in
1777 651 1937 692 capitullo
1955 661 2026 684 mo-

200 692 341 742 nasterii
366 708 474 740 sancti
499 706 628 740 Stefani
653 709 777 741 domus
802 709 889 741 beati
915 709 1096 751 Augustini
1121 710 1201 742 dicti
1227 711 1356 743 ordinis
1382 711 1628 750 heremitarum,
1654 715 1904 755 congregatum,
1929 715 2020 746 trad-

156 762 309 809 ξὝόἰίιιηι
335 770 367 802 in
393 770 563 812 publicam
590 771 742 810 formam,
780 771 956 804 reddatum
982 774 1014 804 et
1038 773 1269 814 subscriptum
1295 782 1355 814 per
1380 773 1514 806 Petrum
1541 774 1712 807 Vincencii
1738 776 1780 808 de
1805 776 1939 808 civitate
1965 777 2026 808 mi—

202 833 362 867 niacense
386 832 559 874 publicum
585 833 774 874 apostolica
799 835 830 866 et
855 834 1018 875 imperiali
1044 835 1243 867 auctoritate
1269 836 1446 874 notarium,
1471 845 1561 868 anno
1586 845 1686 869 curso
1700 837 1877 870 millesimo
1895 840 2025 870 trecen-

139 895 326 935 ῖλίεείπιο
349 895 523 937 trigesimo
548 895 711 934 secundo,
737 895 792 928 die
816 896 1020 929 duodecimo
1047 898 1174 929 mensis
1199 897 1293 936 Maii,
1332 907 1412 930 vero
1449 899 1589 931 retondo
1615 899 1726 941 sigillo
1751 900 1830 932 dicti
1857 901 2024 942 generalis

139 945 171 982 ἶ
200 956 352 999 'capitulli
378 957 410 989 in
435 966 512 990 cera
537 957 635 989 viridi
661 958 694 989 in
720 957 871 990 bindello
895 960 980 991 sette
1003 959 1108 1007 rubee
1134 960 1308 998 munitum,
1327 961 1424 992 cuius
1443 961 1593 993 secunda
1611 961 1698 994 linea
1717 962 1834 1003 incipit
1863 962 2024 1002 Thomas,

124 1023 165 1064 ,χ-
201 1014 237 1053 'et
259 1019 332 1052 finit
355 1019 397 1052 de
423 1018 574 1052 Tuderto
590 1017 651 1060 (1).

291 1081 370 1115 Item
396 1082 654 1115 instrumentum
681 1092 783 1115 unum
809 1083 1006 1116 investiture
1022 1084 1054 1115 in
1069 1084 1249 1116 infiteusim
1265 1087 1462 1125 perpetuam
1480 1085 1522 1117 ad
1541 1086 1654 1118 fictum
1673 1095 1733 1127 per
1745 1087 1870 1119 dictum
1889 1087 2024 1120 fratrem

156 1161 171 1173 s
200 1143 372 1186 Philipum
396 1145 476 1178 dicti
501 1146 695 1177 monasterii
721 1146 828 1178 sancti
854 1144 943 1178 Petri
970 1147 1002 1177 in
1029 1146 1114 1178 cello
1139 1155 1241 1179 aureo
1255 1147 1412 1179 abbatem
1438 1150 1470 1179 et
1495 1157 1555 1189 per
1568 1150 1752 1181 canonicos
1770 1152 1800 1181 et
1818 1152 2021 1182 conventum

138 1198 170 1254 1’ζ
197 1206 353 1240 'eiusdem
378 1207 573 1240 monasterii
599 1207 686 1240 facte
712 1207 744 1239 in
770 1207 904 1240 fratrem
931 1207 1158 1249 Augustinum
1195 1208 1237 1240 de
1274 1207 1392 1241 Padua
1428 1210 1573 1250 priorem
1607 1211 1861 1251 provinciallem
1887 1212 1919 1243 in
1946 1221 2024 1253 pro-

140 1255 167 1310 f*
200 1261 312 1302 viricia
338 1268 539 1302 Lombardie
576 1270 685 1311 ipsius
710 1268 850 1302 Ordinis
886 1270 1131 1303 Heremitarum
1157 1273 1188 1303 et
1213 1271 1381 1311 quosdam
1405 1272 1491 1303 alios
1520 1272 1637 1304 iratres
1663 1273 1742 1305 dicti
1769 1274 1908 1312 ordinis,
1935 1275 2018 1306 reci-

199 1331 347 1375 pientem
373 1331 482 1373 ipsam
508 1332 742 1365 investituram
767 1332 810 1364 ad
836 1334 965 1374 partem
991 1335 1023 1365 et
1049 1333 1224 1365 utilitatem
1250 1334 1329 1365 dicti
1356 1336 1544 1366 conventus
1570 1335 1805 1367 heremitarum
1839 1335 1954 1377 Papie,
1981 1336 2022 1368 de

199 1393 326 1427 tabulis
362 1394 541 1436 sexaginta
577 1395 756 1427 sediminis
781 1395 883 1447 positi
910 1396 942 1427 in
969 1394 1076 1437 Papia
1103 1396 1134 1427 in
1160 1398 1256 1437 porta
1290 1396 1458 1428 Laudensi
1485 1397 1517 1428 in
1543 1398 1703 1438 parochia
1729 1399 1835 1430 sancti
1861 1398 1938 1437 Viti,
1963 1408 2024 1440 pro

198 1456 277 1490 ficto
300 1456 514 1490 denariorum
539 1458 719 1499 sexaginta
743 1458 958 1499 papiensium
986 1459 1158 1491 annuatim
1185 1459 1431 1500 imperpetuum
1457 1468 1516 1500 per
1541 1460 1651 1492 dictos
1676 1461 1820 1501 priorem
1845 1463 1877 1493 et
1902 1461 2021 1493 fratres

199 1525 384 1560 eorumque
407 1527 628 1552 successores
663 1520 792 1553 eisdem
829 1520 956 1559 abbati,
992 1521 1168 1553 canonicis
1192 1522 1224 1553 et
1249 1522 1430 1553 conventui
1457 1521 1616 1560 sedendo,
1641 1522 1711 1554 fieri
1730 1524 1882 1564 rogatum
1909 1522 2025 1564 Augu-

197 1575 287 1615 stino
311 1579 487 1615 Panizario
511 1583 642 1615 notario
679 1583 846 1624 papiensi,
882 1592 972 1616 anno
1008 1592 1107 1616 curso
1141 1583 1319 1616 millesimo
1354 1584 1590 1616 trecentesimo
1615 1585 1788 1626 trigesimo
1824 1587 1931 1624 sexto,
1969 1586 2023 1618 die

133 1634 170 1674 ἷῑῖ
197 1642 348 1684 Veneris,
373 1646 474 1677 sexto
498 1645 625 1678 mensis
649 1646 854 1687 septembris
879 1647 912 1679 et
939 1646 1170 1688 subscriptum
1201 1655 1260 1687 per
1284 1646 1465 1678 Iohannem
1491 1645 1702 1679 Panizarium
1729 1647 1893 1679 notarium
1919 1647 2023 1680 filium

199 1705 280 1739 dicti
304 1707 476 1747 quondam
502 1706 684 1749 Augustini
710 1717 752 1740 ex
777 1709 964 1741 comisione
990 1717 1094 1750 super
1119 1709 1182 1740 hoc
1208 1708 1353 1740 atributa
1378 1709 1443 1740 sibi
1461 1706 1522 1749 (2).

134 1759 139 1767 '
287 1768 366 1802 Item
391 1769 650 1803 instrumentum
676 1771 889 1803 vendicionis
914 1779 975 1812 per
998 1771 1125 1803 dictum
1163 1771 1336 1803 dominum
1370 1770 1541 1812 Philipum
1578 1771 1746 1810 abbatem,
1783 1772 1966 1804 canonicos
1991 1774 2023 1804 et

134 1838 168 1882 ‘34
198 1832 402 1864 conventum
439 1831 519 1865 dicti
557 1833 751 1865 monasterii
788 1833 896 1865 sancti
922 1832 1011 1866 Petri
1039 1834 1070 1865 in
1096 1833 1183 1866 cello
1219 1842 1322 1865 aureo
1355 1833 1442 1866 facte
1467 1833 1621 1874 predicto
1647 1833 1737 1866 fratri
1764 1833 1955 1875 Augustino
1980 1834 2021 1866 de

197 1890 315 1927 Padua
340 1894 442 1936 priori
467 1895 679 1936 provincialli
705 1896 738 1928 in
763 1896 939 1937 provincia
975 1896 1177 1928 Lombardie
1214 1896 1294 1928 dicti
1331 1895 1470 1928 Ordinis
1497 1896 1740 1928 Heremitarum
1774 1897 1880 1929 sancti
1906 1896 2023 1939 Augu-

196 1945 276 1989 stini
301 1958 380 1989 tunc
405 1957 527 1990 ementi
552 1958 687 1990 nomine
710 1958 791 1991 dicti
816 1960 1004 1991 conventus
1030 1959 1265 1991 heremitarum
1291 1958 1396 2000 Papie
1421 1958 1463 1990 de
1488 1959 1650 1999 predictis
1686 1959 1811 1991 tabulis
1844 1960 2023 2001 sexaginta

198 2014 386 2059 sediminis,
411 2028 472 2061 pro
497 2020 612 2061 precio
637 2020 796 2053 librarum
821 2021 1043 2054 ducentarum
1068 2021 1316 2063 quinquaginta
1340 2022 1567 2062 papiensium,
1593 2030 1679 2062 quas
1705 2021 1785 2053 dicti
1822 2021 1941 2060 abbas,
1967 2030 2023 2054 ca-

130 2071 159 2126 “’
198 2081 311 2114 nonici
337 2083 369 2114 et
393 2084 585 2115 conventus
620 2082 768 2116 confessi
805 2083 939 2116 fuerunt
976 2084 1139 2116 habuisse
1165 2093 1184 2116 a
1208 2083 1300 2116 dicto
1337 2084 1447 2124 priore
1484 2093 1545 2125 pro
1581 2084 1696 2125 precio
1729 2084 1808 2116 dicti
1834 2084 2022 2123 sediminis,

142 2157 162 2187 j.
193 2142 300 2185 'quam
324 2143 528 2185 emptionem
553 2145 627 2186 ipse
653 2145 744 2186 prior
767 2145 847 2178 tecit
872 2154 947 2178 cum
973 2146 1098 2178 honere
1124 2146 1279 2178 solvendi
1305 2147 1395 2178 omni
1421 2155 1511 2178 anno
1535 2154 1671 2187 semper
1695 2146 1797 2178 dictis
1814 2146 1940 2185 abbati,
1965 2155 2022 2178 ea-

192 2205 330 2239 'nonicis
353 2207 386 2239 et
410 2207 591 2240 conventui
617 2207 776 2241 denarios
800 2209 980 2251 sexaginta
1006 2209 1189 2250 papienses
1215 2209 1349 2241 nomine
1373 2209 1453 2247 ficti,
1478 2209 1549 2241 fieri
1575 2210 1729 2250 rogatum
1747 2207 1939 2250 Augustino
1957 2208 2022 2241 Pa-

199 2269 325 2302 nizario
359 2269 490 2302 notario
526 2270 694 2312 papiensi,
730 2279 820 2304 anno
856 2279 958 2304 curso
995 2271 1174 2304 millesimo
1210 2271 1448 2303 trecentesimo
1484 2271 1658 2313 trigesimo
1690 2273 1799 2310 sexto,
1824 2271 1878 2303 die
1905 2271 2021 2303 ultimo

199 2331 326 2364 mensis
350 2333 497 2374 augusti,
522 2334 555 2365 et
579 2333 811 2375 subscriptum
848 2343 908 2375 per
944 2333 1124 2366 Iohannem
1162 2332 1374 2366 Panizarium
1412 2334 1577 2366 notarium
1614 2333 1718 2365 filium
1743 2334 1823 2366 dicti
1849 2333 2021 2374 quondam

201 2392 381 2436 Augustini
407 2403 450 2428 ex
475 2395 682 2436 comissione
708 2404 812 2438 super
837 2397 900 2429 hoc
926 2396 1072 2429 atributa
1098 2396 1163 2429 sibi
1181 2393 1243 2437 (3).

118 2493 149 2503 v
288 2455 367 2490 Item
393 2458 650 2490 instrumentum
677 2467 780 2490 unum
805 2459 1074 2491 convencionum
1099 2459 1132 2491 et
1156 2459 1331 2500 pactorum
1357 2458 1513 2490 initorum
1539 2459 1571 2490 et
1594 2457 1758 2490 factorum
1797 2466 1856 2499 per
1880 2459 1911 2490 et
1937 2458 2021 2490 inter

200 2519 468 2561 suprascriptum
505 2519 678 2552 dominum
714 2520 850 2553 fratrem
886 2519 1057 2563 Philipum
1090 2520 1171 2553 dicti
1198 2520 1392 2553 monasterii
1418 2520 1526 2553 sancti
1552 2519 1641 2552 Petri
1668 2521 1699 2551 in
1725 2520 1798 2552 celo
1834 2528 1936 2552 aureo
1961 2519 2021 2552 ab-

202 2579 324 2621 batem,
349 2582 533 2615 canonicos
557 2584 590 2615 et
614 2580 810 2624 Capitulum
835 2583 916 2616 dicti
943 2583 1150 2622 monasterii,
1168 2591 1211 2615 ex
1230 2584 1324 2624 parte
1342 2591 1418 2622 una,
1436 2584 1467 2615 et
1485 2582 1679 2624 religiosum
1698 2582 1796 2615 fratre
1814 2580 2020 2615 Guilelmum

137 2633 140 2640 ⁷
202 2642 347 2685 priorem
372 2644 563 2686 generalem
599 2643 739 2678 Ordinis
776 2644 1021 2678 Heremitarum
1058 2645 1166 2678 sancti
1203 2644 1384 2686 Augustini
1411 2647 1442 2677 et
1466 2645 1585 2677 fratres
1610 2646 1642 2677 et
1667 2643 1879 2678 Conventum
1917 2643 2022 2677 Here-

114 2746 115 2750 *
201 2705 354 2738 mitarum
380 2705 486 2748 Papie
510 2715 554 2739 ex
579 2706 644 2739 alia
669 2709 774 2748 parte,
799 2707 977 2740 continens
1002 2707 1086 2740 inter
1110 2709 1222 2740 cetera
1246 2707 1339 2748 quod
1364 2707 1603 2748 quodcumque
1622 2707 1749 2739 venerit
1774 2706 1816 2738 ad
1842 2706 2020 2739 ecclesiam

120 2759 148 2795 'ss
201 2766 281 2800 dicti
306 2769 500 2802 monasterii
533 2769 662 2802 ratione
698 2769 888 2802 oblacionis
913 2770 966 2802 vel
992 2770 1061 2802 voti
1087 2770 1140 2802 vel
1167 2770 1295 2802 ratione
1320 2770 1448 2802 funeris
1480 2778 1541 2802 seu
1578 2769 1762 2810 sepulture,
1798 2769 1961 2810 quicquid
1988 2769 2021 2801 id

127 2827 131 2834 ’
200 2829 245 2862 sit
268 2831 423 2872 pecunia,
447 2831 538 2873 pani,
563 2841 651 2871 cera,
683 2832 762 2874 equi
795 2833 828 2864 et
859 2840 958 2864 omne
982 2831 1073 2864 aliud
1099 2832 1190 2873 quod
1217 2832 1366 2864 oblatum
1393 2831 1491 2864 fuerit
1515 2840 1619 2864 causa
1645 2831 1696 2864 vel
1723 2831 1843 2864 intuitu
1868 2831 2021 2864 eiusdem

199 2889 338 2933 funeris,
373 2894 480 2926 totum
517 2894 560 2926 sit
596 2903 775 2927 commune
811 2894 902 2926 dicto
937 2893 1052 2926 abbati
1078 2895 1111 2926 et
1135 2902 1198 2927 suo
1234 2894 1416 2926 conventui
1442 2902 1481 2926 ac
1506 2894 1613 2926 eciam
1647 2894 1828 2926 conventui
1854 2894 2020 2926 dictorum

127 3094 139 3102 ,Ἰ
255 3066 289 3095 (l)
301 3068 358 3092 ved!
367 3068 420 3092 doe.
431 3069 542 3092 mxxlv.
553 3069 570 3092 ll
580 3075 643 3092 mese
653 3070 692 3097 qui
703 3071 786 3092 notato
796 3069 818 3091 di
829 3069 930 3096 maggio,
940 3069 1074 3091 dev'essere
1181 3069 1211 3096 (2)
1226 3069 1269 3091 Per
1283 3069 1438 3092 l’lnvestitura
1453 3069 1476 3092 di
1491 3070 1527 3092 cui
1542 3070 1581 3096 qul
1596 3069 1616 3092 si
1631 3070 1695 3097 paria
1711 3069 1762 3092 vedi
1778 3069 1830 3092 doc.
1846 3075 1867 3090 n.
1888 3069 1955 3091 ΧΧΧ.

130 3119 142 3126 *⁴
205 3113 347 3136 manente
360 3115 464 3136 correcto
478 3114 501 3136 ln
515 3114 610 3141 glugno.
1191 3114 1222 3140 (3)
1236 3114 1293 3136 Vedi
1308 3114 1360 3136 doc.
1376 3120 1398 3136 n.
1414 3114 1493 3136 xxix.
