2496 3600
487 384 594 428 Papie
630 386 766 420 nomine
797 385 879 420 dicti
903 386 1100 420 monasterii
1135 394 1258 421 versus
1292 385 1428 421 fratrem
1464 385 1681 421 Manfredum
1717 370 1858 421 Ordinis
1892 386 2032 421 fratrum
2067 364 2381 436 Herennianis-³³52

487 445 602 482 Sancti
627 447 784 492 Agustini
809 448 853 482 de
878 447 986 491 Papia
1010 447 1228 491 recipientem
1253 450 1286 482 et
1309 448 1529 492 stipulantem
1553 449 1642 483 hanc
1665 448 1920 484 confessionem
1944 451 1978 484 et
2001 449 2218 493 infrascripta
2240 439 2378 491 σοι-’ἐζ-

487 510 543 544 nia
568 511 702 544 nomine
727 513 760 545 et
785 511 859 545 vice
884 511 965 545 dicti
991 509 1132 545 Ordinis
1155 513 1189 545 et
1212 510 1380 545 dictorum
1404 510 1544 545 fratrum
1569 510 1815 546 Heremitarum
1839 509 1956 547 Sancti
1991 511 2151 556 Agustini
2173 520 2214 547 se
2235 520 2346 549 ace—
2357 510 2379 546 ³:1-

487 572 582 614 pisse
606 575 639 606 et
663 573 826 607 habuisse
851 573 895 607 ab
920 582 962 606 eo
986 573 1078 607 dicto
1103 573 1239 606 nomine
1263 572 1396 607 solidos
1427 573 1548 606 decem
1572 574 1606 607 et
1629 574 1708 607 octo
1742 574 1930 616 papienses
1953 574 1987 607 in
2011 573 2162 608 denariis
2196 560 2384 618 nume-''¹³³ss

488 636 569 669 ratis
593 645 655 678 pro
679 636 758 669 ficto
784 636 885 669 unius
909 636 987 669 anni
1013 636 1169 678 proxime
1194 635 1343 678 preteriti
1369 637 1402 669 et
1425 635 1586 678 completi
1604 636 1638 669 in
1654 635 1744 670 festo
1768 634 1883 670 Sancti
1909 635 2047 670 Martini
2064 637 2220 679 proxime
2235 622 2375 687 pre-V'Ujſj

486 698 573 731 teriti
599 698 641 732 de
666 700 758 732 certa
782 699 877 740 parte
901 700 1051 732 ortorum
1075 697 1271 740 poxitorum
1295 699 1329 732 et
1353 698 1535 732 iacentium
1560 698 1593 731 in
1618 696 1727 741 Papia
1751 698 1848 732 iuxta
1871 698 1925 732 vel
1950 698 2043 742 apud
2078 698 2206 733 dictum
2242 705 2346 734 ιιιο-,ς-

487 761 670 794 nasterium
696 761 749 794 vel
774 760 923 794 claustra
947 760 1114 794 dictorum
1138 759 1288 800 fratrum,
1313 769 1379 803 que
1404 760 1485 794 dicti
1509 760 1631 795 fratres
1647 761 1762 795 tenent
1778 761 1822 795 ad
1839 761 1966 795 dictum
1983 761 2099 796 fictum
2115 761 2207 796 omni
2223 770 2322 796 anno,
2336 773 2356 810 ῥ-

487 823 698 856 reddendum
723 823 815 856 dicto
839 823 1056 856 monasterio.
1083 822 1163 856 Item
1187 822 1250 856 fuit
1273 822 1457 857 confessus
1480 823 1594 857 dictus
1617 823 1779 857 dominus
1802 823 1914 858 abbas
1937 832 2060 858 versus
2087 823 2216 858 dictum
2246 820 2337 865 fra-,J

487 887 570 918 trem
595 885 811 918 Manfredum
837 885 1055 928 recipientem
1081 885 1173 919 dicto
1198 885 1333 918 nomine
1359 894 1397 919 se
1422 894 1500 919 esse
1525 887 1559 920 et
1582 885 1692 920 fuisse
1716 895 1778 929 per
1800 888 1956 929 tempora
1979 886 2139 929 preterita
2172 881 2351 931 totali-T

486 948 634 980 solutum
653 950 685 980 et
703 947 910 990 integraliter
926 947 1138 981 satisfactum
1157 946 1200 981 de
1213 949 1285 981 toto
1298 947 1379 981 ficto
1393 948 1560 981 dictorum
1578 950 1727 981 ortorum
1744 948 1850 982 totius
1865 948 2029 991 temporis
2045 948 2207 991 preteriti,
2223 957 2286 991 qu
2298 935 2346 1010 ζῇ

485 1019 505 1042 a
522 1010 614 1042 dicto
638 1009 726 1042 festo
751 1008 784 1043 S.
810 1006 947 1043 Martini
973 1010 1128 1052 proxime
1153 1010 1302 1052 preteriti
1327 1012 1415 1043 retro
1439 1010 1569 1052 aliquid
1594 1010 1637 1044 de
1663 1010 1740 1052 ipso
1764 1011 1845 1044 ficto
1869 1010 1994 1044 habere
2019 1019 2087 1044 non
2103 1010 2216 1044 debet.
2261 999 2350 1047 {32}

486 1072 680 1105 nunciando
705 1073 900 1114 exceptioni
926 1082 992 1105 non
1017 1072 1128 1114 acepti
1155 1073 1282 1115 integre
1308 1072 1388 1106 dicti
1414 1072 1494 1112 ficti,
1519 1072 1680 1115 omnique
1704 1072 1770 1106 alia
1795 1073 1999 1116 exceptione
2035 1074 2163 1107 remota
2198 1081 2241 1107 co
2275 1069 2357 1120 ι-ζςῑ,

485 1136 559 1174 hec,
584 1137 616 1168 et
652 1135 812 1168 omnibus
848 1135 1110 1176 probationibus
1134 1137 1167 1168 et
1191 1134 1452 1168 defensionibus
1487 1135 1623 1168 testium
1660 1137 1777 1168 contra
1813 1135 1966 1178 predicta
2001 1135 2124 1170 omnia.
2160 1134 2202 1169 Et
2259 1129 2339 1172 ι

484 1197 598 1230 dictus
627 1197 787 1230 dominus
823 1198 943 1238 abbas,
980 1198 1115 1230 nomine
1140 1197 1193 1231 sui
1219 1198 1426 1237 monasterii,
1451 1199 1483 1231 et
1507 1197 1620 1232 dictus
1655 1197 1757 1232 frater
1792 1197 2005 1238 Manfredus‚
2040 1197 2133 1232 dicto
2168 1206 2226 1232 no
2260 1178 2358 1241 β.

485 1261 571 1293 hanc
597 1263 722 1293 cartam
748 1260 818 1293 fieri
844 1261 1017 1293 iusserunt
1041 1262 1073 1293 et
1098 1262 1312 1302 rogaverunt.
1351 1259 1532 1293 Interfuere
1567 1260 1728 1293 dominus
1763 1259 1954 1303 Agustinus
1977 1260 2021 1294 de
2045 1258 2289 1295 Sclafenatis
2288 1249 2306 1256 *X
2315 1257 2347 1276 ²*

484 1322 669 1365 Ogierinus
693 1322 848 1356 Pixanus
871 1323 962 1356 filius
987 1323 1158 1356 Francisci
1183 1322 1355 1356 Notarius.
1381 1322 1461 1356 inde
1485 1324 1603 1356 testes.
2274 1328 2366 1374 ³⁸2

575 1386 647 1428 Ego
672 1385 794 1419 Petrus
818 1387 860 1419 de
886 1385 1080 1420 Ronchalea
1105 1385 1267 1418 Notarius
1291 1385 1452 1428 publicus
1476 1385 1654 1428 papiensis
1679 1386 1742 1419 hac
1767 1387 1893 1419 cartam
1918 1386 1999 1419 mihi
2023 1385 2095 1420 fieri
2120 1385 2254 1421 iussam
2265 1371 2339 1425 ⁴³„

485 1450 637 1490 rogatam
664 1448 811 1481 traddidi
837 1450 869 1481 et
894 1448 1028 1490 scripsi.

574 1563 673 1596 Anno
698 1573 716 1596 a
742 1564 916 1597 nativitate
942 1563 1078 1597 Domini
1104 1565 1284 1598 millesimo
1307 1565 1538 1599 tricentesimo
1570 1565 1867 1610 quinquagesimo,
1907 1563 2080 1598 Indicione
2114 1563 2239 1605 tertia„

484 1627 585 1666 lovis,
612 1627 900 1669 vigesimoquInto
925 1628 1053 1660 mensis
1077 1627 1294 1668 Novembris,
1319 1628 1402 1661 hora
1427 1637 1526 1668 none,
1552 1628 1585 1660 in
1610 1627 1728 1670 Papia,
1753 1627 1914 1661 videlicet
1931 1627 1963 1660 in
1980 1626 2131 1660 claustro
2159 1623 2228 1660 Ecc

483 1688 597 1723 Sancti
624 1688 713 1722 Petri
739 1690 772 1722 in
797 1690 871 1723 celo
896 1699 1000 1723 aureo
1023 1690 1086 1724 fuit
1110 1690 1293 1724 confessus
1317 1691 1476 1724 dominus
1500 1690 1602 1724 frater
1626 1689 1808 1733 Phiiippus
1830 1689 1895 1724 Dei
1919 1689 2027 1734 gratia
2051 1688 2171 1724 Abba's
2193 1687 2233 1756 Μ

483 1752 575 1784 sterii
601 1750 715 1784 Sancti
742 1751 831 1784 Petri
857 1752 890 1784 in
915 1752 990 1785 celo
1014 1761 1118 1786 aureo
1143 1752 1249 1795 Papie
1275 1753 1411 1786 nomine
1436 1753 1516 1786 dicti
1542 1753 1743 1786 Monasterii
1770 1761 1892 1786 versus
1921 1752 2056 1786 fratrem
2093 1748 2351 1836 mmuffss‘ff

483 1813 623 1847 Ordinis
648 1814 786 1847 fratrum
812 1814 1057 1848 Heremitarum
1083 1814 1197 1848 Sancti
1223 1815 1381 1858 Agustini
1406 1815 1512 1858 Papie
1554 1815 1772 1857 recipientem
1797 1817 1830 1848 et
1854 1814 2072 1857 stipulantem
2108 1814 2196 1848 hanc
2230 1822 2276 1848 c

485 1878 672 1911 fessionem
697 1879 729 1910 et
755 1877 969 1919 infrascripta
995 1878 1119 1918 omnia,
1145 1878 1281 1911 nomine
1306 1880 1339 1911 et
1363 1879 1438 1911 vice
1463 1878 1544 1911 dicti
1577 1876 1718 1911 Ordinis
1741 1879 1774 1911 et
1798 1877 1966 1911 dictorum
1990 1877 2128 1911 fratrum
2164 1875 2216 1911 He
2242 1919 2243 1922 Ἰ

483 1943 591 1973 tarum
617 1938 731 1973 Sancti
757 1939 927 1982 Agustini,
953 1949 990 1972 se
1016 1941 1175 1982 acepisse
1200 1942 1233 1973 et
1258 1940 1422 1974 habuisse
1447 1941 1491 1973 ab
1515 1949 1557 1973 eo
1582 1939 1717 1973 nomine
1742 1940 1823 1973 dicti
1848 1937 1990 1973 Ordinis
2005 1941 2039 1973 et
2055 1939 2222 1973 dictorum
2251 1936 2353 1979 fram
2353 1951 2355 1954 ¹

483 2004 570 2035 trum
596 2002 755 2035 denarios
781 2004 928 2044 quatuor
952 2003 1169 2044 papiensium
1194 2011 1257 2044 pro
1281 2002 1360 2036 ficto
1390 2003 1491 2036 unius
1526 2003 1604 2036 anni
1642 2003 1797 2044 proxime
1833 2001 1982 2044 preteriti
2018 2003 2052 2035 et
2086 2001 2286 2044 completi

483 2065 572 2098 festo
597 2063 712 2098 Sancti
738 2064 875 2097 Martini
902 2065 1058 2106 proxime
1083 2065 1232 2106 preteriti
1258 2065 1300 2098 de
1325 2065 1452 2098 tabulis
1487 2066 1634 2106 quatuor
1669 2062 1828 2097 Ortorum
1864 2064 2053 2106 positorum
2077 2065 2112 2097 et
2134 2063 2208 2097 iace
2243 2051 2358 2109 ι

486 2128 518 2160 ἰῃ
545 2127 652 2169 Papia
677 2128 773 2160 iuxta
798 2127 851 2159 vel
877 2127 969 2168 apud
995 2127 1123 2166 dictum
1148 2127 1396 2160 Monasterium
1422 2127 1475 2160 vel
1501 2127 1649 2160 claustra
1673 2126 1840 2160 dictorum
1864 2126 2015 2166 fratrum,
2039 2134 2107 2168 que
2131 2125 2212 2159 dicti
2279 2129 2282 2130 ’

487 2192 556 2222 tres
580 2192 695 2222 tenent
719 2189 762 2222 ad
780 2190 894 2222 fictum
920 2189 1111 2243 predictum
1137 2189 1347 2222 reddendum
1373 2189 1465 2222 dicto
1490 2189 1696 2223 monasterio
1712 2189 1804 2222 omni
1821 2197 1921 2222 anno.
1939 2188 2020 2222 Item
2036 2187 2099 2222 fuit
2114 2196 2181 2221 con

485 2253 598 2285 dictus
623 2252 784 2285 dominus
808 2252 918 2285 abbas
944 2252 1078 2285 nornine
1104 2252 1185 2285 dicti
1211 2252 1406 2285 monasterii
1432 2259 1554 2285 versus
1578 2251 1706 2285 dictum
1729 2251 1864 2284 fratrem
1897 2250 2114 2284 Manfredum
2149 2259 2236 2284 rec·

487 2317 554 2348 tem
579 2315 671 2348 dicto
697 2315 833 2347 nomine
859 2323 895 2347 se
921 2323 999 2347 esse
1025 2317 1058 2347 et
1081 2314 1189 2347 fuisse
1226 2323 1287 2356 per
1314 2316 1468 2356 tempora
1503 2313 1662 2356 preterita
1697 2313 1845 2347 totaliter
1880 2313 2029 2346 solutum
2052 2314 2086 2346 et
2109 2311 2252 2364 integral
2278 2360 2280 2362 Ι
2290 2340 2352 2375 §.4³

487 2377 700 2410 satisfactum
725 2377 768 2410 de
793 2378 864 2410 toto
889 2377 968 2409 ficto
994 2377 1144 2418 ipsarum
1169 2376 1360 2410 tabularum
1386 2378 1533 2418 quatuor
1555 2376 1619 2409 orti
1643 2376 1756 2409 tocius
1783 2375 1947 2418 temporis
1982 2374 2144 2417 preteriti,
2178 2357 2320 2418 quotis*¹¹
2320 2357 2343 2396 *⁵

487 2440 580 2473 dicto
604 2440 693 2473 festo
717 2438 750 2473 S.
777 2439 914 2508 Martini
941 2440 1096 2482 proxime
1122 2439 1271 2481 preteriti
1304 2441 1391 2472 retro
1417 2439 1546 2481 aliquid
1571 2439 1614 2472 de
1639 2439 1717 2480 ipso
1740 2438 1820 2471 ficto
1844 2438 1970 2471 habere
1995 2446 2063 2471 non
2102 2437 2216 2471 debet.
2250 2403 2329 2505 βξ

487 2565 640 2607 predicta
663 2565 787 2598 omnia.
813 2564 854 2597 Et
878 2565 956 2598 inde
981 2564 1095 2597 dictus
1119 2564 1279 2597 dominus
1303 2564 1412 2597 abbas
1437 2566 1469 2597 et
1494 2563 1607 2597 dictus
1630 2563 1733 2597 frater
1757 2562 1960 2596 Manfredus
1983 2562 2071 2595 hanc
2095 2562 2261 2597 cartam

488 2628 660 2660 iusserunt
683 2629 716 2660 et
741 2628 955 2669 rogaverunt.
981 2625 1204 2659 Interfuerunt
1228 2626 1388 2659 dominus
1413 2625 1603 2668 Agustinus
1627 2625 1670 2658 de
1695 2623 1888 2659 Sclafinatis
1905 2626 1938 2658 et
1954 2623 2139 2667 Oglerinus
2162 2618 2347 2668 Puram
2353 2631 2359 2650 ³-

487 2689 578 2722 tilius
603 2688 786 2722 Francisci.
812 2688 892 2722 lnde
916 2690 1033 2722 testes

579 2751 651 2794 Ego
676 2750 798 2784 Petrus
822 2751 865 2784 de
891 2750 1086 2785 Ronchalea
1110 2750 1272 2784 Notarius
1297 2750 1383 2783 hanc
1409 2751 1535 2783 cartam
1571 2749 1652 2782 mihi
1685 2749 1756 2782 fieri
1781 2749 1910 2783 iussam
1934 2750 1968 2782 et
1992 2749 2143 2791 rogatam
2168 2737 2353 2782 traditum

489 2816 522 2846 et
547 2814 680 2855 scripsi.
2332 2811 2341 2819 “

2279 2847 2281 2849 ,
2305 2837 2314 2847 ε’
2329 2837 2368 2847 snm
