2496 3600
1950 244 2014 276 145

218 366 396 406 uislfiones
418 369 498 401 tunc
521 366 719 410 Sapientum
744 369 833 402 dicte
857 371 972 402 nostre
996 371 1144 404 civitatis
1167 370 1285 413 Papie,
1309 371 1527 411 oblationem,
1551 372 1622 405 fieri
1648 376 1844 406 consuetam
1870 384 1930 416 per
1946 374 2014 408 Co-

226 440 295 470 une
316 430 438 474 ipsius,
461 430 604 464 ecclesie
629 431 728 464 beate
752 431 861 464 Marie
897 435 1079 466 memorate
1115 433 1264 466 civitatis
1288 433 1475 466 Mediolani
1493 431 1555 475 (1),
1581 435 1613 467 1η
1638 435 1726 468 festo
1751 437 1867 468 sancte
1892 436 2014 477 Mane,

143 494 286 541 quod
309 493 498 527 celebratur
521 493 564 526 de
589 502 706 526 mense
742 494 940 536 septembri,
976 504 1080 537 posse
1117 497 1331 538 compensari
1368 505 1444 529 culn
1470 497 1653 536 oblatione,
1672 507 1741 541 ‘pro
1766 500 1860 539 parte
1886 501 2012 539 nostra,

135 543 303 606 ‘Jflniterri
325 555 426 590 solita
449 555 594 589 ecclesie
618 556 727 589 sancti
752 555 934 599 Augustini
960 557 1097 591 Patroni
1123 559 1212 591 dicte
1236 559 1394 598 civitatis,
1419 559 1474 592 die
1499 559 1748 601 solempnitatis
1785 569 1845 593 seu
1882 561 2014 593 festivi-

142 608 272 658 '¹'ratis
294 618 448 653 eiusdem
472 616 586 651 Sancti
603 615 665 659 (2).
691 618 814 652 Verum
840 619 920 661 quia
945 621 1173 662 percepimus,
1199 630 1242 653 ex
1267 623 1346 663 post
1370 621 1470 661 facto,
1500 622 1591 663 quod
1630 622 1824 655 huiusmodi
1851 631 2012 664 compen-

142 678 154 690 ⁵
192 681 281 725 satio
303 680 394 715 cedit
417 680 601 722 dispendio
626 681 803 722 utriusque
827 682 945 723 partis,
970 680 1147 722 Comunis‚
1172 683 1342 723 videlicet,
1367 684 1400 716 in
1426 693 1467 716 eo
1492 684 1584 726 quod
1621 693 1684 726 pro
1720 685 1795 726 ipsa
1831 685 2009 718 oblacione

143 732 274 787 ”sepe
298 743 510 776 mollestatur
533 751 594 784 per
617 742 783 776 officiales
808 745 944 776 nostros
960 741 1023 785 (3),
1048 753 1089 777 eo
1113 745 1226 778 adhuc
1261 747 1447 787 apparente
1472 746 1626 779 debitore
1649 755 1710 788 pro
1735 747 1832 788 ipsa;
1859 747 2010 780 Ecclesie

139 795 167 843 35³}
174 815 285 856 vero,
306 806 340 839 in
364 815 406 839 eo
430 806 535 848 quod,
559 806 709 839 extincto
734 807 836 839 modo
861 807 1023 840 laudabili
1049 808 1313 849 presentationis
1338 809 1489 850 ipsarum
1515 809 1736 849 oblationum,
1761 819 1848 851 quas
1873 811 2014 842 commi—

154 859 253 915 *juri
276 869 529 903 consueverunt
553 869 692 910 quidam
718 868 861 902 Nobiles
885 869 1033 902 antefate
1070 870 1229 910 civitatis,
1261 872 1438 912 tepescant
1461 873 1494 904 et
1518 880 1584 904 non
1610 871 1799 905 ellevantur
1823 873 1856 904 in
1881 874 2010 905 tantum

145 902 320 971 'Umentes
343 931 534 964 hominurn
530 931 620 964 circa
634 931 896 964 subventionem
921 932 1036 973 operis
1049 932 1092 964 ad
1107 933 1200 974 quod
1217 933 1376 973 tenditur,
1390 935 1553 975 quantum
1568 943 1628 976 per
1642 934 1717 967 illas
1734 937 1936 974 crescerent,
1954 935 2010 968 ubi

135 992 393 1039 7essent1pse
406 993 598 1026 oblationes
623 993 798 1035 amplioris
823 994 969 1027 subsidii
995 994 1173 1036 speculum
1193 996 1225 1027 et
1242 995 1428 1037 exemplar.
1454 995 1638 1037 Propterea
1663 996 1822 1030 volumus
1840 997 2009 1038 vobisque

116 1041 122 1049 ,
147 1043 391 1103 &mandamus
415 1057 585 1098 quatenus
610 1056 762 1089 ordinem
787 1056 886 1095 detis,
912 1057 954 1089 de
979 1060 1091 1090 cetero
1116 1058 1322 1090 servandum
1347 1067 1423 1090 cum
1448 1058 1579 1098 effectu,
1620 1059 1711 1100 quod
1737 1060 1769 1091 in
1794 1059 1882 1092 festo
1919 1062 2013 1092 ante-

150 1111 280 1174 'Csglicte
303 1117 452 1161 Virginis
475 1118 624 1160 gloriose
649 1119 778 1151 mensis
802 1119 1018 1160 septembris,
1043 1120 1100 1152 fiat
1126 1128 1186 1160 per
1210 1120 1398 1160 predictum
1425 1118 1579 1153 Comune
1597 1120 1702 1162 Papie
1721 1121 1848 1154 oblatio
1865 1122 2008 1155 ecclesie

138 1166 374 1228 *sffsepedicte
398 1181 441 1214 de
466 1181 522 1214 illa
546 1182 745 1223 quantitate,
771 1181 836 1214 illis
862 1182 965 1214 modo
989 1184 1022 1214 et
1045 1181 1152 1214 forma
1178 1182 1304 1223 quibus
1317 1183 1387 1214 fieri
1406 1184 1594 1223 consuevit,
1608 1186 1789 1225 antequam
1808 1193 2011 1226 compensa—

152 1231 272 1290 jfjioni
296 1243 393 1277 locus
417 1245 519 1276 esset.
544 1243 586 1276 Et
609 1252 672 1276 nos
697 1244 875 1277 versavice
900 1244 1119 1284 oblationem,
1155 1244 1227 1277 dari
1264 1244 1398 1277 solitam
1424 1245 1628 1287 preallegate
1666 1246 1809 1279 ecclesie
1843 1248 2011 1288 papiensi,

141 1304 260 1351 &lieri
283 1307 379 1340 iuxta
402 1306 539 1340 solitum
563 1306 732 1339 fatiemus.
758 1306 835 1339 Dat.
861 1307 1062 1346 Mediolani,
1087 1306 1197 1339 ΧΧ1111
1223 1308 1439 1348 septembris,
1465 1306 1795 1341 MCCCLXXXVlll.
1827 1309 2010 1349 Luchotus‚

134 1356 173 1401 Ξ
190 1368 384 1403 Iohanolus.

278 1431 476 1465 Presentate
501 1432 556 1464 die
581 1430 684 1464 XXVl
710 1432 926 1473 septembris.

277 1493 317 1528 A.
341 1494 402 1527 T.:
428 1494 541 1527 Nobili
566 1494 661 1527 militi
686 1494 826 1527 domino
850 1493 1013 1527 Potestati
1031 1498 1063 1527 et
1082 1480 1322 1529 Referendario
1348 1496 1473 1528 nostris
1499 1495 1604 1537 Papie
1623 1505 1684 1528 nec
1703 1506 1769 1528 non
1788 1496 2009 1561 Sapientibus

139 1557 176 1586 ²15³
151 1556 278 1603 dicte
302 1558 416 1590 nostre
440 1556 599 1590 civitatis.

1046 1715 1151 1756 XC.

275 1823 344 1853 Per
366 1823 389 1853 l'
406 1825 572 1854 onon-ario
595 1823 632 1853 di
656 1824 747 1854 frate
772 1824 961 1854 Bonisacio
986 1824 1183 1862 Bottigella
1208 1833 1309 1854 come
1334 1825 1462 1854 lettere
1486 1824 1568 1854 nell'
1587 1824 1807 1854 Universita.

855 1920 1013 1954 1:389,
1042 1922 1264 1954 egesto,
1294 1922 1335 1948 1.

652 2000 805 2028 (MAloccffl,
823 2001 881 2024 Cod.
897 2001 1002 2028 Dlplom.
1018 2001 1076 2024 dell·
1085 2002 1161 2028 Uram,
1177 2002 1223 2024 vol.
1240 2002 1257 2030 1,
1273 2007 1326 2029 pag.
1344 2003 1379 2025 151
1396 2008 1409 2024 e
1425 2003 1479 2028 157).

249 2186 372 2305 N
429 2205 473 2233 El.
495 2200 650 2242 Registro
685 2201 740 2234 dei
774 2200 935 2235 Salariam·
969 2201 1241 2235 dell'Universitd
1267 2210 1331 2243 per
1351 2192 1553 2242 quest⁵anno
1578 2198 1653 2242 (fol.
1678 2197 1740 2241 32)
1765 2200 1892 2241 leggesi
1904 2211 1913 2232 .·
1939 2198 2010 2232 Do-

452 2264 563 2296 minus
588 2263 754 2306 Magister
777 2263 879 2297 frater
903 2263 1101 2296 Bonifacius
1126 2265 1168 2296 de
1194 2263 1372 2306 Butigellis
1399 2263 1500 2296 habet
1525 2263 1684 2296 salarium
1711 2262 1861 2304 quolibet
1892 2270 2006 2294 mense

452 2326 484 2359 1..
515 2327 564 2366 13,
589 2327 651 2360 sol.
677 2328 708 2367 6,
733 2327 810 2360 den.
835 2328 857 2360 8
881 2327 1100 2360 tertiolorum.

121 2426 149 2434 ⁴-
269 2389 358 2422 Nell’
371 2388 466 2422 Ordo
502 2391 603 2423 datus
628 2399 688 2432 per
721 2389 904 2423 Dominum
929 2387 1000 2431 (die
1030 2391 1040 2422 1
1070 2387 1233 2432 Augusti)
1258 2399 1319 2432 pro
1345 2389 1570 2431 infrascriptis
1595 2388 1864 2421 detractionibus
1890 2388 2006 2429 provi-

116 2438 156 2494 ssj
182 2450 322 2484 xionum
347 2453 380 2485 et
403 2453 604 2485 salariorum
629 2455 794 2486 certorum
819 2453 1054 2486 salariatorum
1080 2455 1111 2485 et
1136 2453 1332 2486 officialium
1358 2451 1525 2485 Comunis
1543 2451 1649 2493 Papie
1667 2448 1729 2491 (4),
1755 2450 1884 2491 leggesi
1899 2450 1958 2482 che
1973 2461 1982 2482 .-

271 2512 439 2548 Dominus
464 2514 566 2548 frater
589 2514 788 2548 Bonifacius
824 2516 866 2548 de
902 2514 1092 2558 Butigellis,
1129 2515 1187 2548 che
1211 2515 1256 2547 Ιια
1280 2523 1322 2547 un
1354 2514 1478 2547 salario
1504 2513 1539 2546 di
1561 2514 1677 2546 floren.
1704 2512 1750 2545 1111
1787 2512 2007 2551 tertiolorum,

119 2565 156 2617 'gg
183 2573 354 2610 remaneat
378 2577 421 2610 ad
445 2577 595 2610 florenos
620 2577 666 2610 1111
695 2577 916 2610 tertiolorum.

237 2737 270 2763 (1)
283 2737 316 2759 u
327 2736 431 2759 fabbrioe
446 2737 483 2759 del
497 2737 585 2759 duomo
599 2736 622 2758 di
636 2737 725 2759 Mtlano
735 2736 759 2761 fu
770 2737 908 2759 cominciata
918 2737 933 2758 11
945 2738 970 2759 15
984 2742 1063 2759 nurzo
1171 2737 1201 2763 (3)
1218 2736 1261 2759 Cio
1276 2736 1389 2758 dimostra
1404 2736 1446 2758 che
1461 2735 1476 2757 il
1491 2734 1594 2757 Visconti
1610 2740 1656 2756 non
1671 2739 1710 2756 era
1726 2734 1764 2760 poi
1785 2735 1871 2760 troppo
1893 2733 2000 2754 sollecito

188 2779 241 2804 1³⁶
252 2779 303 2807 (dr.
318 2780 422 2808 ΟιυιΙΝΙ,
439 2781 552 2804 Memorle
573 2781 599 2803 di
619 2781 719 2806 Milone,
742 2781 839 2808 muana,
861 2780 984 2808 Columbo,
1005 2781 1063 2808 1856,
1119 2781 1155 2803 nel
1171 2786 1258 2808 pagare
1271 2781 1317 2803 alla
1331 2780 1435 2802 labbrlca
1451 2779 1465 2801 il
1480 2779 1560 2801 debito
1575 2778 1612 2800 del
1628 2778 1719 2800 Paveslr

186 2824 233 2848 vol.
246 2825 274 2852 V.
289 2830 344 2853 paz.
357 2825 415 2851 GU).
431 2825 475 2848 Per
489 2825 511 2848 la
525 2825 670 2853 grandiosita
684 2825 850 2852 dell'impresa,
865 2831 911 2848 non
927 2825 1043 2848 bastando
1057 2825 1063 2846 i
1172 2825 1203 2851 (4)
1218 2825 1260 2847 Nel
1277 2824 1336 2851 1389,
1350 2829 1364 2846 a
1378 2823 1479 2846 formare
1494 2823 1606 2845 l'enorme
1629 2823 1685 2844 dote
1707 2822 1729 2843 dl
1752 2821 1872 2844 Valentini:
1896 2821 2002 2843 Vtsconti

138 2898 139 2903 1
185 2868 269 2892 renum
283 2869 321 2892 del
335 2869 439 2893 Vftcontl
454 2875 468 2892 e
481 2869 541 2892 della
556 2869 621 2896 cittii,
637 2870 750 2896 s'lmpose
765 2875 809 2891 una
818 2871 884 2892 tussa
898 2875 912 2891 o
927 2869 1062 2892 contributa
1117 2875 1189 2896 sposa
1204 2869 1226 2891 al
1241 2868 1301 2891 duca
1316 2868 1339 2890 di
1354 2868 1480 2894 Touraine,
1489 2867 1547 2890 oiim
1556 2866 1681 2893 oaleazzo,
1697 2866 1770 2893 padre
1784 2865 1844 2888 della
1859 2871 1940 2892 sposa,
1956 2871 2001 2887 non

123 2901 150 2947 7⁴2⁰>
186 2908 325 2941 §articulare
345 2919 359 2937 ι
382 2914 438 2937 tutti
461 2914 468 2936 1
492 2914 571 2941 luoghi
595 2914 656 2936 dello
674 2915 747 2941 stato,
769 2914 806 2936 cul
828 2914 951 2936 dovevano
972 2919 1066 2941 presen-
1119 2914 1172 2936 solo
1186 2919 1260 2936 nveva
1282 2913 1384 2935 esaurite
1399 2912 1420 2934 le
1435 2917 1502 2934 casse
1517 2911 1540 2933 di
1555 2911 1611 2934 tutti
1627 2911 1633 2933 1
1648 2910 1756 2938 eomuni,
1778 2915 1815 2932 ma
1833 2915 1907 2932 aveva
1928 2910 2002 2932 anche

185 2959 236 2981 ute
249 2958 487 2986 moeasiomimente
501 2958 561 2981 nella
574 2958 636 2981 resta
650 2958 711 2981 della
725 2957 829 2981 Nutivm
844 2958 867 2980 di
881 2958 964 2981 Maria.
1116 2959 1220 2985 imposte
1235 2958 1277 2980 che
1292 2957 1298 2979 1
1314 2957 1418 2979 salariatl
1433 2956 1495 2979 dello
1509 2957 1574 2978 stato
1588 2955 1710 2978 subissem
1725 2959 1771 2977 una
1786 2954 1943 2976 diminuz'ione
1964 2954 2000 2976 dei

134 2990 146 3042 ,ἶ
196 3005 197 3010 ’
228 3001 270 3030 “(2)
284 3002 412 3026 macoma
425 3003 574 3026 interven-nuto
587 3004 624 3025 tra
638 3002 654 3024 11
668 3002 773 3025 Viscontl
788 3002 817 3024 ed
831 3003 846 3025 11
861 3001 966 3025 Comune
983 3002 1005 3024 di
1021 3001 1063 3024 Pa·
1117 3002 1168 3024 loro
1182 3001 1302 3029 stipendii,
1317 3001 1367 3028 pari
1382 3006 1396 3022 a
1411 3000 1450 3028 pin
1466 3000 1509 3023 che
1523 3005 1568 3022 una
1583 3001 1634 3022 rata
1657 2998 1760 3022 mensile.
1784 2997 1900 3025 L'Oltno,
1922 2998 1944 3020 di
1964 2999 2000 3020 cui

132 3055 141 3077 '.
185 3046 224 3071 vla
236 3046 317 3070 been
331 3047 351 3070 sl
365 3047 408 3070 che
421 3047 438 3070 ll
451 3047 557 3070 Comum
571 3052 672 3075 pagnsse
693 3047 738 3075 agn
761 3047 885 3069 Eremitnni
900 3047 922 3069 la
937 3047 1020 3069 offerta
1041 3047 1064 3069 di
1119 3052 1165 3069 non
1175 3045 1350 3073 pubbllchiarno
1360 3044 1431 3068 chela
1442 3045 1510 3072 parte
1519 3044 1669 3072 riguardante
1679 3043 1694 3065 ll
1705 3043 1884 3070 Bottiaeam
1893 3043 2001 3069 appunto

185 3090 226 3120 Μ,
239 3091 269 3115 ed
282 3091 328 3120 eall
341 3097 443 3120 pagana
456 3092 502 3114 nlla
516 3083 664 3114 Fnbbrlcerla
678 3091 716 3114 del
731 3091 824 3114 Duomo
833 3091 856 3113 di
867 3091 956 3113 Milnno
972 3092 1062 3118 quanto
1116 3091 1138 3113 ia
1161 3090 1248 3113 tabella
1269 3089 1292 3112 di
1313 3089 1434 3112 riduzlone
1458 3094 1500 3116 per
1514 3089 1521 3111 1
1535 3088 1639 3111 ulai-inti
1655 3088 1677 3110 di
1693 3087 1772 3110 Pavla.
1788 3087 1805 3109 11
1827 3086 1952 3114 Bottigelia
1976 3086 2000 3108 fu

186 3140 227 3159 tn
239 3136 330 3160 dovuto
343 3136 383 3160 dal
396 3136 501 3160 Comune
515 3141 610 3164 pavete.
1119 3135 1235 3162 esent-to,
1250 3139 1317 3157 come
1331 3134 1352 3157 nl
1366 3133 1434 3161 κᾶε,
1449 3133 1503 3156 dall·
1514 3133 1633 3160 ager-vio.

1913 3193 1918 3196 >
1968 3184 1993 3206 19

143 3429 145 3431 .
169 3425 190 3436 ..νς
