2496 3600
498 146 562 182 118

476 218 2341 236 Ἣ

491 282 690 323 stificantur,
714 285 778 317 etc.
803 292 843 317 ac
869 284 1019 326 ipsarum
1044 286 1160 318 tenore
1184 284 1365 327 diligenter
1388 285 1556 328 inspecto,
1580 286 1630 320 sic
1655 287 1758 321 vobis
1793 288 1957 323 duximus
1992 289 2111 324 harum
2142 290 2230 325 serie
2266 299 2320 326 re·-³

491 345 748 387 spondendum:
773 344 875 385 Quod
901 355 980 380 vere
1005 346 1048 380 de
1073 348 1163 380 statu
1189 349 1306 380 nostro
1334 347 1484 389 presenti
1521 350 1766 390 contentamur,
1801 353 1964 393 quantum
2000 351 2160 386 dominus
2194 353 2318 388 vivens

488 409 676 442 contentari
701 411 820 451 posset
844 410 877 442 et
899 409 943 442 de
969 410 1046 451 ipso
1069 411 1159 443 statu
1184 411 1301 443 nostro
1324 410 1452 452 gratias
1475 410 1610 453 agimus
1634 411 1783 455 largitori
1807 413 1958 447 omnium
1984 414 2162 456 bonorum,
2188 424 2209 450 a
2246 424 2317 459 quo

489 479 566 504 eum
607 472 897 514 recognoscimus,
922 474 954 505 et
978 472 1077 514 quasi
1103 472 1218 514 potius
1254 472 1335 514 quia
1370 460 1528 507 videmus
1564 482 1628 508 nos
1653 474 1686 508 in
1710 476 1788 508 actu
1824 476 2060 519 recuperandi,
2084 478 2118 511 et
2141 478 2316 520 velociter,

487 534 560 567 iura
584 536 700 568 nostra
724 534 786 568 Ast
810 536 843 568 et
866 535 1007 568 aliarum
1033 534 1177 576 partium
1203 535 1304 568 nobis
1328 535 1478 570 indebite
1502 538 1758 579 occupatarum,
1774 538 1808 571 et
1825 538 2038 581 deprimendi
2063 539 2211 574 totaliter
2234 540 2313 575 illos

486 597 556 639 qui,
581 597 655 630 sine
680 597 808 630 ratione
833 598 866 630 et
890 597 1004 639 aliqua
1029 597 1124 631 iuxta
1148 606 1264 638 causa,
1288 597 1441 631 iecerunt
1465 607 1503 632 se
1528 598 1629 633 nobis
1654 599 1772 634 hostes
1796 602 1829 634 et
1852 601 1896 634 ad
1921 610 2041 644 pacem
2065 602 2216 636 debitam
2251 611 2315 636 no-

486 659 619 692 biscum
644 659 822 701 pervenire
847 659 1037 699 noluerunt,
1063 668 1165 702 quam
1191 660 1319 693 ratione
1344 660 1602 703 acquisitorum,
1626 661 1708 703 quia
1731 661 1930 697 felicissima
1954 663 2159 699 iocumditas
2194 666 2247 699 est
2281 667 2316 700 et
2374 705 2376 707 ,

487 721 574 754 inter
596 721 662 754 alia
686 721 788 753 animi
824 721 1032 754 contentatio
1069 721 1187 755 hostes
1223 721 1413 764 deprimere
1452 722 1542 756 sicut
1577 724 1730 757 noscitis.
1763 721 1873 758 Cuius
1909 725 1956 759 rei
1992 734 2099 760 causa
2133 727 2316 769 concipere
2367 709 2394 752 ’

486 792 552 816 ηοη
588 784 689 817 debet
724 792 819 816 mens
855 785 969 817 vestra
1004 784 1096 825 quod
1133 786 1270 826 propter
1305 785 1574 819 trasmissionem
1610 786 1760 829 gentium
1796 789 1987 821 nostrarum
2022 788 2067 822 ad
2095 790 2210 831 partes
2256 797 2317 823 su·
2349 786 2389 831 ,ζῖῖ

485 847 657 889 pradictas
681 846 816 879 animus
840 848 952 880 vester
976 847 1088 880 minus
1112 848 1334 887 contentetur,
1358 847 1420 881 sed
1446 848 1626 882 credamus
1650 849 1744 891 quod
1782 850 1886 891 avidi,
1922 852 1958 884 ut
1992 852 2027 885 et
2061 859 2125 885 nos
2164 852 2232 894 ipsi
2269 852 2315 887 de

483 909 694 951 quibuslibet
709 909 1003 951 prosperitatibus
1035 910 1171 950 nostris,
1197 911 1232 942 ut
1257 911 1289 943 et
1313 910 1474 944 velociter
1497 919 1516 943 a
1541 911 1643 944 nobis
1668 912 1789 945 lucrari
1814 913 1957 955 possitis
1982 922 2085 947 unum
2109 914 2213 948 alium
2237 923 2316 948 ron·

483 972 599 1014 ginum
625 980 687 1013 pro
712 971 847 1004 civitate
872 971 1028 1012 Astensi,
1064 972 1353 1014 quemadmodum
1390 972 1507 1006 lucrati
1544 973 1628 1007 estis
1663 974 1706 1008 de
1742 974 1879 1008 civitate
1914 974 2031 1018 Papie,
2067 984 2127 1018 per
2151 985 2215 1010 nos
2247 977 2314 1012 hiis

483 1034 615 1067 noviter
638 1034 760 1067 diebus
785 1034 886 1067 vobis
909 1035 1158 1074 transmissum3
1183 1034 1233 1068 sic
1258 1035 1380 1068 dicatis
1405 1044 1467 1078 pro
1491 1044 1532 1068 eo
1549 1036 1642 1078 quod
1667 1036 1762 1070 tarde
1779 1037 1880 1071 vobis
1897 1037 2030 1071 videtur
2046 1038 2139 1080 quod
2155 1038 2313 1074 effectum

482 1097 588 1129 nostri
614 1097 762 1129 intentus
787 1105 1048 1139 consequamur.
1073 1095 1140 1130 Sed
1165 1097 1294 1130 firmam
1318 1106 1415 1139 spem
1452 1097 1617 1138 habeatis,
1642 1099 1735 1141 quod
1773 1099 1890 1133 divina
1922 1099 2057 1134 favente
2091 1101 2210 1144 gratia,
2244 1101 2313 1136 olto
2337 1096 2383 1148 ’,Ἤ

483 1159 694 1192 lucraremini
720 1159 823 1192 alium
848 1160 1026 1202 ronginum
1051 1161 1083 1192 et
1107 1159 1234 1192 bonum
1259 1169 1279 1193 a
1303 1160 1414 1200 nobis,
1439 1162 1471 1193 et
1494 1162 1574 1194 tunc
1599 1169 1735 1194 cessare
1759 1161 1898 1195 debebit
1910 1162 2050 1203 invidia,
2066 1171 2169 1205 quam
2187 1163 2312 1199 habere

485 1222 708 1254 hostendistis
732 1222 774 1255 de
799 1222 951 1264 ronginis
976 1222 1113 1255 lucratis
1138 1231 1198 1264 per
1221 1222 1395 1255 dominum
1420 1223 1605 1265 genitorem
1630 1225 1792 1257 vestrum.
1815 1224 1925 1257 Fratri
1946 1225 2046 1258 etiam
2069 1224 2192 1259 Iacobo
2222 1224 2313 1260 Bus-

480 1284 605 1317 solario
630 1286 663 1317 et
684 1284 886 1326 quibuslibet
907 1284 985 1318 aliis
1019 1284 1116 1318 nob1's
1145 1284 1420 1327 benefatientibus
1454 1286 1697 1327 rengratiamur
1716 1288 1750 1320 et
1770 1287 1971 1329 rengratiarir
2002 1287 2201 1322 intendimus
2234 1287 2314 1323 licet
2349 1273 2367 1318 ῗ

478 1347 587 1380 dictus
603 1347 714 1389 frater
733 1347 876 1380 Iacobus
899 1349 1069 1389 tamquam
1088 1347 1216 1390 probus
1238 1349 1272 1381 et
1294 1347 1408 1381 valens
1431 1347 1626 1390 deffenderit
1642 1350 1788 1391 patriam
1812 1358 1908 1383 suam
1932 1359 2037 1392 usque
2049 1350 2098 1383 ad
2106 1350 2325 1389 ultimumde·

473 1407 699 1452 potentiam).
725 1409 777 1443 De
801 1410 924 1452 gaiinis
948 1410 1057 1443 tribus
1082 1410 1268 1453 pinguibus
1292 1411 1485 1455 mantuanis
1509 1419 1569 1452 per
1593 1419 1656 1444 vos
1681 1411 1781 1445 nobis
1805 1412 2016 1446 transmissis
2039 1412 2141 1446 vobis
2171 1421 2317 1456 rengra-

480 1473 603 1506 tiamur
627 1474 659 1506 et
683 1473 876 1514 specialiter
900 1473 928 1506 si
955 1473 1128 1515 quondam
1153 1482 1216 1506 vos
1241 1473 1350 1506 simile
1373 1473 1485 1506 facere
1509 1474 1694 1516 contingat.
1711 1473 1788 1507 Non
1805 1474 2050 1516 perpendimus
2066 1476 2180 1509 tamen
2197 1465 2376 1518 ιιεᾳιιε·ζῖ

482 1544 582 1575 nunc,
607 1535 700 1577 quod
725 1536 776 1568 sic
801 1536 877 1568 sitis
902 1544 1069 1568 memores
1086 1544 1260 1577 equarum,
1277 1544 1365 1577 quas
1382 1535 1483 1569 nobis
1499 1536 1701 1569 trasmittere
1717 1536 1898 1570 debebatis
1914 1546 1992 1570 cum
2016 1537 2310 1581 polegris,quem-

479 1598 665 1630 admodum
690 1598 772 1630 estis
798 1598 840 1631 de
865 1598 1016 1640 ronginis
1041 1598 1141 1631 vobis
1166 1598 1357 1639 promissis.
1382 1597 1460 1632 Dat.
1485 1598 1519 1631 in
1543 1599 1655 1631 castro
1679 1600 1795 1632 nostro
1818 1595 1947 1642 'zoyozo
1971 1599 2156 1641 Modoetie,
2172 1598 2232 1634 ΧΠ
2247 1600 2310 1635 de-
2336 1583 2376 1645 ‘'ff''

476 1660 634 1694 cembris.
660 1659 786 1694 Galeaz
811 1660 1010 1694 Vicecomes
1035 1661 1222 1694 Mediolani
1248 1661 1433 1704 Imperialis
1458 1661 1614 1695 Vicarius
1639 1662 1816 1704 generalis.
2343 1648 2352 1654 ¹*

478 1821 539 1843 eiare
554 1821 591 1843 del
606 1821 733 1842 novembre
749 1820 808 1847 1359,
823 1820 947 1842 indussero
962 1820 977 1842 il
992 1819 1112 1842 Bussolari
1128 1819 1157 1842 ed
1172 1820 1178 1841 i
1194 1819 1312 1847 Reggitori
1327 1819 1364 1842 del

477 1871 577 1888 comune
591 1865 621 1887 ad
636 1865 765 1887 intavolare
780 1865 902 1887 trattative
917 1870 959 1892 per
973 1865 996 1886 la
1010 1870 1070 1891 resa,
1085 1864 1148 1886 forse
1163 1864 1238 1891 prima
1252 1869 1296 1886 con
1311 1863 1366 1886 Ber-

478 1910 548 1937 nabo,
564 1910 603 1937 poi
619 1909 784 1931 direttamente
799 1915 843 1931 con
862 1909 988 1931 Galeazzo.
1003 1909 1031 1931 Αἰ
1048 1909 1073 1931 13
1086 1909 1214 1931 novembre
1228 1909 1244 1930 il
1258 1909 1364 1931 Visconti

478 1956 575 1976 entrava
597 1954 657 1976 nella
678 1954 779 1976 arresasi
795 1953 865 1980 citta;
881 1959 918 1975 ma
933 1959 958 1975 se
973 1953 995 1975 la
1010 1953 1182 1980 capitolazione
1196 1953 1221 1975 iu
1236 1953 1364 1975 onorevole

478 2005 521 2026 per
536 1999 616 2026 Pavia,
638 1999 729 2021 doveva
751 1999 866 2025 parturire
887 1998 981 2020 infamia
995 2003 1009 2020 a
1024 1998 1142 2020 Galeazzo
1157 1998 1190 2024 ll;
1213 1998 1296 2025 poiche
1310 1998 1365 2026 egli,

477 2049 601 2071 promesso
615 2044 658 2066 che
672 2043 775 2065 avrebbe
789 2043 916 2070 rispettato
930 2043 946 2064 il
960 2048 1064 2070 governo
1085 2043 1215 2070 comunale¹
1235 2043 1361 2065 ricondotti

477 2089 484 2111 l
498 2089 568 2116 guelii
583 2089 606 2110 in
620 2088 678 2110 citta
693 2094 706 2110 e
720 2088 758 2110 nei
773 2093 887 2115 possesso
902 2087 939 2109 dei
955 2087 1005 2109 loro
1021 2087 1082 2114 beni,
1097 2087 1210 2109 divenuto
1225 2087 1330 2114 padrone
1339 2087 1362 2109 dl
1379 2083 1381 2085 ’

477 2134 558 2160 Pavia,
573 2134 609 2156 eol
624 2134 730 2160 pretesto
746 2132 768 2154 di
783 2138 862 2154 essere
883 2132 991 2154 assistito
1013 2131 1074 2154 dalla
1095 2132 1246 2159 legislaziorie
1267 2138 1363 2154 romana

476 2184 543 2201 come
557 2178 650 2200 vicario
664 2177 825 2204 dell'lmpero,
839 2182 915 2204 ruppe
930 2177 945 2198 il
959 2182 1027 2198 sacro
1042 2177 1134 2198 vincolo
1149 2177 1209 2199 della
1224 2177 1315 2204 parola,
1329 2177 1363 2199 di-

476 2225 569 2246 strusse
583 2223 604 2244 le
619 2222 754 2249 franchigie‚
769 2221 861 2243 scaccib
875 2221 881 2243 i
898 2221 1027 2248 Langosco,
1050 2227 1070 2248 e,
1091 2221 1154 2248 dopo
1169 2221 1192 2243 di
1206 2221 1294 2248 avergli
1309 2222 1361 2244 teso

477 2268 491 2290 il
506 2268 579 2290 laceio
594 2267 617 2289 di
633 2266 827 2293 un'accoglienza
842 2266 950 2293 benigna,
965 2266 1031 2293 getto
1046 2266 1082 2299 nel
1097 2265 1170 2288 fondo
1185 2266 1245 2288 d'un
1269 2261 1363 2288 carcere

477 2313 492 2334 il
508 2312 655 2339 magnanimo
670 2311 804 2333 Bussolaril
820 2310 959 2333 Veramente
975 2311 1130 2338 magnanimo,
1141 2311 1183 2332 che
1198 2311 1319 2333 incurante
1329 2310 1362 2333 ai-

476 2357 537 2379 iatto
552 2357 575 2378 di
590 2356 623 2383 se,
639 2362 652 2378 e
666 2356 771 2378 soltanto
786 2355 893 2377 sollecito
908 2355 945 2377 del
960 2355 1019 2377 bene
1041 2355 1100 2377 della
1122 2355 1188 2382 cittii,
1204 2355 1263 2377 nelle
1278 2356 1361 2377 tratta-

476 2402 524 2424 tive
539 2402 600 2423 della
615 2407 675 2428 resa,
691 2406 757 2423 come
771 2401 883 2422 ammette
898 2401 971 2422 anche
985 2400 1000 2422 il
1015 2405 1059 2422 suo
1067 2402 1148 2422 atroce
1158 2401 1248 2422 nemico
1258 2400 1361 2428 AZARlo,

480 2447 525 2469 loc.
541 2447 581 2468 cit.
597 2446 641 2468 col.
656 2446 704 2473 379,
729 2446 854 2468 curaverat
874 2445 903 2467 de
924 2445 991 2472 aliis,
1013 2451 1060 2467 non
1082 2447 1161 2467 autem
1183 2446 1212 2467 de
1233 2445 1320 2472 seipso.
1341 2439 1360 2467 Ε

476 2492 562 2518 questa
584 2497 630 2513 uria
651 2490 776 2513 vittoriosa
797 2490 901 2517 risposta
922 2490 967 2511 alle
988 2490 1080 2512 villanie
1102 2490 1139 2512 del
1161 2490 1271 2512 Petrarca
1286 2496 1299 2512 e
1313 2490 1361 2512 del-

476 2535 586 2562 l'Azario,
602 2535 644 2557 che
659 2535 736 2557 hanno
750 2535 832 2556 voluto
847 2534 967 2561 dipingere
981 2534 997 2556 il
1012 2534 1132 2556 Bussolari
1143 2539 1209 2556 come
1224 2535 1315 2561 egoista
1330 2535 1363 2556 in-

477 2581 561 2602 vasato
576 2579 605 2601 da
620 2579 731 2606 superbia
746 2585 759 2601 e
774 2579 803 2601 da
818 2578 915 2601 avidita.
931 2578 965 2601 Ed
978 2584 992 2600 a
1006 2578 1068 2601 torte
1089 2578 1163 2600 diiesa
1179 2578 1201 2600 di
1216 2579 1247 2600 lui
1263 2580 1362 2601 tornano

479 2624 500 2646 le
516 2624 604 2651 parole,
619 2624 662 2646 elie
676 2624 698 2645 in
714 2624 800 2650 questo
821 2623 963 2645 documento
977 2623 1062 2645 turono
1076 2624 1200 2650 strappate
1214 2629 1228 2645 a
1242 2623 1359 2645 Galeazzo

478 2668 538 2690 dalle
552 2668 677 2695 innegabili
697 2668 745 2690 alte
767 2667 856 2695 quauta
871 2668 908 2690 del
929 2667 997 2695 frate,
1012 2673 1025 2690 e
1040 2667 1101 2689 dalla
1120 2667 1186 2690 iorza
1200 2667 1261 2690 della
1275 2667 1358 2690 verita.

477 2712 532 2735 Cosl
548 2713 563 2734 il
578 2713 682 2740 padrone
697 2713 716 2734 si
731 2713 861 2735 incaricava
877 2712 899 2734 di
913 2712 949 2734 far
963 2712 1073 2739 giustizia
1088 2712 1125 2734 dei
1140 2712 1192 2734 suoi
1214 2713 1301 2739 troppo
1323 2718 1360 2734 ze-

477 2757 533 2779 lanti
548 2758 678 2784 cortigiani.
693 2757 756 2779 Sulle
771 2757 930 2784 particolarita
945 2757 1005 2779 della
1021 2757 1135 2784 prigionia
1150 2757 1187 2780 del
1202 2757 1331 2784 Bussolari,
1347 2763 1359 2779 e

1419 1820 1479 1842 suile
1492 1825 1587 1848 accuse,
1601 1821 1644 1843 che
1657 1820 1678 1843 sl
1692 1821 1782 1843 vollero
1795 1820 1897 1843 lanciare
1904 1822 1988 1844 contro
2001 1821 2023 1844 le
2036 1821 2140 1844 sutorii!
2154 1821 2304 1846 dell'Ordloe

1419 1865 1576 1893 agustiniano,
1598 1865 1662 1892 quali
1683 1865 1794 1892 supposti
1818 1865 1925 1893 complici
1940 1866 1963 1888 dl
1978 1867 2065 1894 questo
2086 1866 2193 1889 mlsfitto
2213 1866 2237 1890 dl
2257 1865 2304 1890 ffl—
2367 1854 2382 1860 Ἀ

1419 1909 1510 1937 leazzo,
1524 1911 1671 1938 tratteremo,
1686 1915 1753 1933 come
1767 1910 1780 1932 e
1795 1911 1936 1938 necessario,
1951 1912 2018 1933 sotto
2031 1911 2047 1933 il
2061 1911 2114 1934 doc.
2129 1917 2152 1934 n.
2168 1911 2235 1934 an.

1470 1954 1503 1980 (l)
1516 1954 1610 1977 ΡνοΙιαε
1623 1956 1648 1977 et
1661 1955 1744 1977 valens
1757 1960 1818 1977 sono
1832 1955 1878 1977 due
1891 1955 2014 1983 nggetnvl,
2023 1956 2067 1978 che
2076 1955 2232 1984 mammone
2241 1955 2304 1980 ihm
2363 1979 2374 1991 ,ζ

1418 1998 1569 2021 fondamenta
1583 1999 1605 2021 le
1619 1999 1726 2022 calunnie
1739 1999 1839 2022 lanciare
1853 2001 1936 2022 contro
1950 2001 2037 2027 questo
2046 2005 2109 2028 erue,
2119 2000 2163 2023 che
2171 1999 2266 2024 distende
2278 1999 2303 2024 Ιι

1417 2043 1493 2071 patria
1507 2049 1551 2066 sua
1565 2049 1639 2071 usque
1653 2044 1686 2066 ad
1699 2044 1809 2067 ultimum
1823 2044 1853 2067 de
1863 2045 1991 2072 porentia:
2005 2049 2019 2067 e
2032 2044 2055 2067 la
2069 2045 2178 2072 preziosa
2195 2044 2303 2068 testimo*
2334 2040 2366 2078 fs,

1417 2088 1501 2110 nianza
1515 2088 1611 2110 risuona
1625 2088 1664 2110 dal
1678 2088 1761 2111 labbro
1775 2088 1837 2111 dello
1851 2090 1931 2111 stesso
1945 2089 2048 2111 nemlcol
2064 2089 2083 2111 Ε
2097 2090 2183 2117 quesn
2195 2088 2303 2113 tesflmo-

1417 2132 1510 2160 nlanza,
1524 2133 1567 2155 che
1581 2133 1696 2155 dimostra
1710 2133 1733 2155 la
1747 2132 1864 2156 necessita
1879 2133 1940 2156 della
1961 2139 2076 2161 presenza
2090 2133 2128 2156 del
2142 2133 2263 2156 Bmoohrl
2276 2133 2302 2157 Ιι
2383 2142 2386 2144 ·

1417 2177 1488 2200 Pavia
1503 2177 1540 2200 nel
1554 2179 1673 2200 momento
1687 2178 1711 2200 in
1725 2178 1762 2200 cul
1781 2184 1835 2200 essa
1849 2178 1870 2200 si
1884 2178 2008 2201 diiendeva
2022 2184 2067 2201 con
2080 2178 2112 2206 gli
2126 2178 2201 2201 ultimi
2219 2177 2301 2207 stom,
2331 2169 2337 2188 2
2355 2178 2363 2197 ἓ.

1416 2221 1534 2249 giustiiica
1554 2222 1635 2245 altresi
1656 2223 1671 2244 il
1693 2222 1814 2245 Bussolari
1837 2223 1899 2245 dalla
1919 2228 2006 2245 accusa
2026 2223 2129 2250 gratuita
2143 2222 2300 2252 darant-m,

1417 2267 1463 2289 loc.
1478 2267 1528 2294 cit„
1550 2267 1594 2289 col.
1615 2267 1664 2294 379,
1686 2267 1729 2289 che
1747 2273 1802 2289 esso
1818 2274 1830 2286 α
1843 2267 1956 2295 superbia
1976 2268 2056 2290 elatus
2070 2269 2095 2290 et
2107 2267 2208 2291 credens
2226 2266 2302 2292 unl-

1415 2317 1469 2334 nem
1490 2311 1538 2334 sibl
1548 2317 1633 2339 parem
1654 2311 1691 2334 ve!
1711 2312 1815 2334 similem
1836 2312 1861 2334 tn
1885 2312 1984 2339 Ordine,
2008 2312 2135 2340 denegavit
2154 2316 2300 2341 comparem,

1415 2357 1523 2383 quamvls
1534 2356 1628 2384 pluries
1641 2356 1739 2379 citatus.
1755 2356 1847 2384 Dltatti,
1868 2362 1935 2379 come
1953 2362 2022 2379 narra
2036 2357 2051 2379 il
2065 2356 2182 2384 Tomn,
2197 2356 2245 2380 vol.
2258 2355 2299 2385 VI,

1417 2406 1471 2428 pag.
1492 2401 1527 2428 48,
1542 2401 1665 2423 essendosi
1688 2401 1793 2423 adunato
1807 2401 1823 2423 il
1837 2400 1948 2428 Capitolo
1970 2401 2078 2429 generale
2099 2401 2122 2423 in
2143 2400 2239 2424 Padova
2260 2399 2301 2424 nd

1415 2446 1482 2473 primi
1497 2446 1571 2473 giomi
1586 2445 1624 2468 del
1638 2446 1775 2473 settembre,
1792 2446 1851 2473 1359,
1865 2446 1872 2468 i
1887 2446 1970 2468 nemici
1984 2446 2022 2468 del
2037 2445 2158 2468 Bussolari
2178 2446 2302 2473 pre-enh*

1415 2496 1474 2512 rono
1488 2490 1511 2512 in
1525 2496 1580 2512 esso
1595 2490 1690 2518 querele
1699 2491 1782 2512 contro
1797 2490 1819 2512 dl
1834 2490 1875 2512 lul.
1891 2490 1915 2512 ln
1929 2495 2092 2518 conseguenza
2106 2490 2130 2512 di
2143 2490 2181 2513 db
2194 2490 2211 2512 ἰΙ
2225 2489 2305 2514 oen·—

1417 2535 1464 2557 rale
1487 2535 1581 2557 Matteo
1602 2535 1721 2563 d'Ascoll,
1742 2535 1816 2557 allora
1837 2535 1910 2558 eletto
1924 2536 1947 2562 (e
1963 2536 2006 2558 che
2026 2535 2086 2557 duro
2107 2535 2130 2557 in
2150 2534 2227 2558 ndu
2244 2534 2299 2558 tino

1417 2579 1439 2601 al
1456 2579 1515 2607 1367,
1529 2585 1590 2602 anno
1605 2579 1666 2602 della
1679 2585 1724 2602 sua
1738 2579 1823 2606 morte)
1832 2580 1892 2602 ebbe
1907 2579 2043 2602 amandato
2053 2579 2076 2601 dl
2086 2579 2213 2602 chramno
2222 2579 2298 2607 mian

1413 2624 1473 2646 delle
1487 2623 1548 2646 teste
1562 2624 1600 2646 del
1614 2623 1698 2646 Natale
1711 2629 1726 2646 a
1740 2624 1890 2651 giustificarsi
1905 2623 1966 2651 degli
1980 2623 2093 2646 addeblti.
2108 2623 2150 2646 Ma
2164 2629 2206 2651 per
2219 2623 2243 2646 le
2254 2623 2299 2647 di·-

1413 2670 1526 2690 cosianze
1540 2667 1594 2690 dell·
1603 2668 1698 2691 assedlo
1713 2668 1796 2696 prlma,
1810 2674 1824 2691 e
1838 2668 1899 2690 della
1913 2673 1957 2690 sua
1971 2668 2095 2695 personale
2102 2669 2195 2690 cattum
2209 2667 2232 2690 di
2246 2667 2296 2698 pol,

1413 2712 1474 2735 irate
1488 2712 1600 2735 Giacomo
1614 2712 1639 2735 iu
1654 2712 1768 2740 impedito
1788 2712 1811 2735 di
1833 2713 1969 2740 presentare
1983 2712 2006 2734 ln
2027 2718 2128 2739 persona
2142 2713 2164 2735 le
2177 2717 2221 2735 sue
2234 2710 2297 2736 ndu

1414 2757 1443 2780 ed
1458 2757 1560 2780 evidenti
1575 2757 1763 2785 giustificazionl.
2293 2754 2296 2757 ’
