2496 3600
142 687 163 706 ι

233 701 269 735 si
292 701 324 733 et
347 699 380 732 in
404 699 567 740 quantum
592 698 738 739 possunt
761 697 804 730 de
829 698 899 729 iure
924 698 1098 729 cesserunt
1122 698 1153 728 et
1178 697 1292 729 datum
1319 697 1400 729 iuris
1426 697 1575 729 fecerunt
1591 697 1681 729 dicto
1699 697 1801 732 fratri,
1816 697 1936 732 Rufino
1954 698 2059 730 Priori

1997 255 2060 288 105

134 382 188 432 Ῐ.
233 389 329 424 ,ἀίω
345 387 482 422 brachia
498 387 660 428 quinque,
677 386 835 418 coherent
851 394 870 417 a
887 394 985 417 mane
1012 385 1102 417 dicta
1131 385 1267 417 brachia
1296 386 1371 417 octo
1400 386 1431 417 et
1459 387 1578 426 quarta
1607 395 1683 425 una,
1708 395 1727 418 a
1753 387 1888 419 meridie
1918 389 1971 420 via
1998 398 2059 429 pu-

231 450 338 491 blica,
361 459 382 483 a
404 458 480 483 sero
505 450 601 491 porta
625 447 732 489 prima
756 449 788 480 et
813 447 1009 489 principalis
1046 447 1212 489 introytus
1236 447 1278 479 ad
1304 447 1429 479 dictum
1467 449 1705 480 monasterium
1730 450 1761 480 et
1786 449 1840 480 via
1866 450 1974 490 ipsius
2011 451 2059 481 in-

235 514 380 556 troytus,
404 513 436 545 et
459 520 479 544 a
503 511 595 544 nulla
620 511 702 543 hora
726 510 846 542 atrium
871 510 959 542 dicte
983 510 1124 542 ecclesie
1149 510 1222 542 sive
1247 509 1292 541 ibi
1318 509 1412 542 aliter
1436 511 1468 542 et
1492 510 1555 542 alie
1580 511 1647 542 sint
1672 511 1876 543 coherencie.
1898 511 1936 543 Et
1966 513 2061 552 quic-

232 575 321 619 quid
344 575 396 608 est
419 575 504 607 intra
527 574 603 615 ipsa
627 572 765 605 brachia
792 573 953 614 quinque.
980 571 1020 604 Et
1044 581 1086 604 ex
1111 580 1215 604 causa
1252 572 1352 604 huius
1388 573 1555 614 presentis
1591 573 1801 605 vendicionis
1826 575 1857 605 et
1881 574 2060 605 traddicio-

239 638 292 671 nis
315 636 394 670 dicti
418 636 577 669 dominus
601 634 720 668 Abbas
744 636 776 667 et
800 633 964 667 Canonici
990 635 1124 666 nomine
1149 634 1227 666 dicti
1253 634 1452 667 Monasterii
1478 636 1509 667 et
1533 635 1642 667 tocius
1675 637 1861 667 conventus
1898 636 2059 675 eiusdem,

235 762 317 796 ‚dicti
333 759 540 795 *Conventus
564 760 702 792 fratrum
726 759 856 792 ordinis
882 759 1124 792 Heremitarum
1149 758 1191 790 de
1216 759 1305 791 omni
1325 759 1394 791 iure
1419 761 1451 791 et
1467 759 1598 791 actione
1623 760 1701 792 reali
1727 762 1759 792 et
1783 761 1963 801 personali,
1990 762 2059 793 utili

138 855 139 863 ,
166 842 169 850 ν
222 825 364 858 directo
386 825 419 856 et
435 823 566 856 directa
591 822 683 864 quod
708 823 740 855 et
764 831 866 863 quam
891 821 970 854 dicti
995 821 1154 854 dominus
1179 820 1298 854 Abbas
1323 823 1354 854 et
1379 820 1553 861 Canonici,
1582 823 1660 854 dicti
1698 824 1889 855 monasterii
1916 824 2060 863 nomine,

233 889 272 921 .et
293 887 404 929 ipsum
428 885 668 918 monasterium
694 884 865 918 habebant
888 886 920 917 et
945 884 1068 916 habere
1093 883 1296 916 videbantur
1319 886 1351 916 et
1375 884 1417 916 ad
1443 893 1513 924 eos,
1539 886 1672 917 nomine
1697 885 1775 917 dicti
1813 887 2005 918 monasterii
2031 888 2062 919 et

233 949 281 983 ad
317 949 428 991 ipsum
463 947 704 981 monasterium
740 947 918 989 spectabat
953 948 984 979 et
1020 946 1208 988 pertinebat
1233 948 1264 978 et
1288 948 1441 988 spectare
1466 948 1498 979 et
1523 947 1686 988 pertinere
1723 949 1852 989 poterat
1877 950 1908 980 et
1945 950 2062 989 posset

234 1010 339 1044 modo
361 1010 476 1052 aliquo
500 1009 553 1043 vel
578 1009 659 1048 iure,
684 1009 717 1041 in
742 1009 902 1051 predictis
927 1008 1075 1041 brachiis
1099 1008 1250 1049 quinque
1275 1017 1316 1041 ex
1342 1009 1573 1050 suprascripta
1586 1009 1688 1041 domo
1713 1018 1772 1042 seu
1798 1010 1939 1049 caxella,
1958 1010 2062 1042 fondo

229 1073 272 1107 *et
294 1072 368 1106 solo
391 1072 550 1114 superius
574 1071 732 1111 venditis,
757 1072 789 1104 et
813 1079 934 1104 versus
958 1079 1194 1112 quoscumque
1226 1072 1377 1103 tenentes
1402 1072 1434 1103 et
1459 1071 1674 1112 possidentes
1699 1073 1731 1104 et
1755 1072 1812 1113 qui
1838 1080 1877 1104 ea
1901 1072 2063 1104 tenebunt

229 1136 271 1169 -et
292 1133 517 1177 possidebunt
540 1135 572 1166 et
596 1142 717 1167 versus
741 1142 975 1175 quascumque
999 1132 1084 1165 alias
1110 1141 1286 1174 personas,
1311 1141 1375 1172 res,
1401 1133 1490 1165 bona
1507 1142 1568 1174 pro
1586 1134 1756 1174 predictis,
1773 1134 1958 1166 occaxione
1979 1143 2064 1175 qua-

231 1205 396 1239 cumque.
421 1195 462 1229 Et
485 1196 564 1229 inde
588 1196 669 1229 dicti
694 1196 854 1229 dominus
878 1195 998 1228 Abbas
1022 1197 1055 1228 et
1079 1193 1256 1235 Canonici,
1281 1195 1309 1228 si
1335 1197 1368 1228 et
1392 1195 1424 1227 in
1450 1197 1613 1236 quantum
1639 1197 1820 1237 potuerunt
1845 1196 1886 1229 de
1913 1197 1994 1236 iure,
2012 1197 2063 1239 ip-

236 1267 312 1294 sum
336 1258 470 1292 fratrem
495 1257 651 1293 Rufinum
676 1258 811 1291 nomine
837 1258 1003 1291 dictorum
1029 1258 1219 1290 conventus
1244 1259 1277 1290 et
1300 1257 1438 1290 fratrum
1464 1258 1700 1290 heremitarum
1726 1258 1758 1290 in
1784 1259 1967 1291 eorundem
2001 1259 2063 1292 do-

236 1321 316 1356 mini
339 1319 484 1354 Abbatis
507 1322 540 1354 et
564 1318 815 1354 Canonicorum
833 1320 914 1353 dicti
931 1319 1127 1353 monasterii
1153 1319 1265 1352 locum
1291 1322 1499 1361 possuerunt
1516 1321 1548 1352 et
1565 1320 1812 1353 constituerunt
1829 1321 1871 1353 de
1889 1322 2063 1362 predictis,

232 1383 398 1418 facientes
422 1385 455 1429 et
479 1383 737 1423 constituentes,
761 1383 790 1416 si
816 1384 849 1416 et
873 1383 906 1415 in
931 1384 1094 1424 quantum
1120 1384 1267 1424 possunt
1284 1382 1326 1415 de
1344 1382 1426 1422 iure,
1444 1382 1556 1423 ipsum
1581 1382 1716 1415 fratrem
1743 1382 1899 1417 Rufinum
1917 1384 2062 1425 priorem

229 1447 270 1480 et
292 1445 447 1488 singulos
470 1445 591 1478 fratres
614 1445 696 1478 dicti
720 1447 912 1478 conventus
936 1445 1075 1478 fratrum
1111 1444 1358 1478 Heremitarum
1395 1447 1648 1486 procuratorem
1685 1447 1717 1478 et
1753 1447 1991 1487 procuratores
2029 1447 2061 1479 in

230 1517 306 1543 sem
329 1516 425 1542 suam
450 1508 494 1541 de
518 1508 692 1550 predictis.
717 1506 794 1546 Que
818 1508 932 1541 omnia
956 1509 989 1541 et
1013 1507 1148 1550 singula
1183 1508 1418 1549 suprascripta
1447 1508 1607 1549 superius
1632 1508 1770 1540 vendita
1795 1508 1875 1541 dicti
1902 1509 2061 1541 dominus

237 1570 346 1605 abbas
380 1572 413 1604 et
447 1570 615 1610 canonici,
640 1571 669 1603 si
694 1572 727 1603 et
751 1571 784 1603 in
809 1572 974 1612 quantum
998 1572 1146 1612 possunt
1170 1570 1213 1603 de
1238 1570 1321 1610 iure,
1354 1570 1601 1603 constituerunt
1625 1579 1662 1603 se
1687 1572 1801 1603 tenere
1827 1573 1859 1603 et
1885 1571 2063 1612 possidere

233 1633 390 1675 ,precario
414 1633 550 1666 nomine
574 1633 653 1666 dicti
679 1631 807 1666 Prioris
831 1634 864 1666 et
889 1633 1055 1666 dictorum
1082 1632 1233 1665 Fratrum
1259 1632 1341 1665 dicti
1367 1630 1569 1666 Conventus
1594 1634 1627 1665 et
1652 1633 1762 1674 ipsius
1787 1635 1978 1666 conventus
2004 1643 2064 1674 pa-

233 1695 368 1738 piensis
391 1695 472 1728 dicti
497 1693 638 1728 Ordinis
663 1695 908 1728 Heremitarum
933 1704 1115 1737 quousque
1141 1696 1215 1737 ipse
1241 1696 1332 1737 prior
1357 1695 1410 1728 vel
1436 1695 1517 1728 dicti
1550 1695 1671 1728 fratres
1707 1696 1842 1728 nomine
1868 1696 1948 1728 dicti
1974 1694 2066 1729 Con-

235 1758 362 1791 ·ventus
384 1757 427 1791 de
451 1757 502 1791 eis
526 1758 785 1800 possessionem
810 1758 1005 1800 acceperint
1029 1757 1251 1800 corporalem.
1276 1756 1387 1796 Quam
1413 1757 1605 1799 accipiendi
1623 1767 1686 1790 sua
1703 1758 1841 1799 propria
1865 1758 2064 1791 auctoritate

230 1819 521 1863 quandocumque
545 1820 576 1853 ei
601 1820 655 1854 vel
680 1820 731 1854 eis
754 1820 920 1862 placuerit
944 1822 977 1853 et
1001 1820 1166 1853 retinendi
1192 1820 1368 1862 deimceps
1392 1821 1424 1853 et
1449 1820 1612 1861 quicquid
1639 1820 1806 1853 voluerint
1837 1820 1994 1860 faciendi,
2020 1829 2062 1853 ex

232 1890 326 1916 nunc
349 1882 430 1915 dicti
454 1882 614 1915 dominus
638 1881 758 1915 Abbas
783 1884 815 1916 et
839 1881 1005 1916 Canonici
1031 1883 1059 1916 si
1085 1884 1117 1915 et
1142 1883 1175 1915 in
1201 1884 1364 1924 quantum
1382 1883 1528 1924 possunt
1545 1882 1587 1915 de
1605 1883 1676 1915 iure
1694 1882 1786 1915 dicto
1804 1881 1910 1914 Priori
1929 1883 2063 1915 nomine

153 1955 184 1978 s
230 1943 402 1979 dictorum
420 1944 571 1979 Fratrum
588 1947 621 1978 et
638 1943 840 1978 Conventus
865 1945 1110 1978 Heremitarum
1135 1945 1306 1978 licentiam
1331 1947 1363 1978 et
1388 1945 1622 1978 auctoritatem
1647 1945 1877 1978 omnimodam
1896 1945 2063 1978 dederunt

236 2006 272 2041 et
292 2009 545 2041 concesserunt.
571 2007 797 2048 Traddentes,
811 2008 933 2041 dantes
950 2010 983 2041 et
999 2007 1254 2047 transferentes,
1272 2008 1301 2040 si
1319 2009 1351 2040 et
1369 2008 1401 2040 in
1419 2009 1582 2049 quantum
1601 2009 1748 2049 possunt
1765 2007 1807 2039 de
1825 2007 1908 2046 iure,
1928 2008 2063 2040 nomine

154 2070 175 2109 „21
230 2067 317 2103 dicti
341 2069 547 2110 monasterii,
571 2069 682 2103 eidem
707 2069 814 2102 Priori
832 2070 968 2103 nomine
986 2070 1153 2103 dictorum
1171 2069 1322 2103 Fratrum
1340 2072 1373 2103 et
1390 2068 1591 2103 Conventus
1609 2068 1790 2111 Papiensis
1808 2069 1938 2102 ordinis
1958 2069 2062 2102 Here—

239 2130 403 2172 mstarum,
420 2132 678 2174 possessionem
704 2133 737 2165 et
761 2132 947 2165 dominium
973 2132 1015 2165 de
1040 2132 1214 2174 predictis.
1240 2132 1289 2165 Eo
1314 2132 1416 2165 modo
1441 2132 1522 2165 dicti
1547 2132 1707 2164 dominus
1732 2132 1842 2164 abbas
1859 2134 1891 2164 et
1909 2132 2063 2164 canonici

237 2193 318 2228 dicti
335 2194 529 2227 monasterii
554 2195 583 2228 si
609 2196 641 2227 et
666 2195 699 2227 in
724 2196 888 2237 quantum
914 2195 1086 2237 potuerint
1103 2195 1145 2228 de
1163 2195 1234 2228 iure
1251 2195 1404 2228 fecerunt
1421 2196 1615 2236 presentem
1641 2194 1883 2233 venditionem,
1909 2194 2001 2235 quod
2020 2194 2061 2226 de

238 2257 351 2289 cetero
373 2256 454 2290 dicti
478 2256 600 2290 fratres
623 2257 704 2290 dicti
730 2259 922 2290 conventus
947 2257 1125 2299 papiensis
1142 2257 1223 2290 dicti
1241 2257 1372 2290 ordinis
1389 2257 1635 2290 Heremitarum
1660 2254 1775 2289 Sancti
1801 2255 1982 2298 Augustini
2002 2265 2062 2288 no—

239 2317 327 2351 mine
343 2318 453 2360 ipsius
485 2321 686 2359 conventus,
712 2319 870 2359 habeant,
895 2319 1066 2362 gaudeant
1090 2321 1123 2352 et
1147 2319 1350 2361 possideant
1374 2319 1527 2361 predicta
1551 2319 1665 2351 omnia
1689 2319 1722 2351 et
1746 2318 1880 2360 singula
1905 2318 2064 2359 superius

240 2380 376 2414 vendita
393 2381 492 2414 simul
517 2390 594 2414 cum
618 2381 831 2421 accessibus,
849 2382 1065 2424 ingressibus
1089 2383 1122 2414 et
1146 2382 1306 2415 omnibus
1323 2382 1397 2416 suis
1414 2382 1545 2414 iuribus
1563 2383 1595 2414 et
1613 2381 1842 2423 pertinenciis,
1868 2382 1930 2412 etc.
1958 2379 1997 2412 Et
2022 2380 2063 2412 de

240 2442 325 2485 ipsis
341 2443 466 2477 faciant
489 2444 654 2486 quicquid
679 2444 848 2477 voluerint
871 2444 946 2477 sine
963 2445 1231 2477 contradictione
1256 2445 1423 2477 dictorum
1441 2444 1569 2477 domini
1583 2443 1728 2476 Abbatis
1753 2445 1785 2475 et
1809 2441 2061 2476 Canonicorum

239 2507 274 2539 et
295 2514 411 2539 eorum
435 2515 675 2540 successorum
693 2507 829 2540 nomine
854 2507 935 2540 dicti
960 2507 1155 2540 monasterii
1173 2509 1206 2540 et
1223 2516 1299 2540 cum
1317 2516 1432 2540 eorum
1451 2515 1660 2548 suorumque
1674 2514 1913 2538 successorum
1929 2505 2063 2537 nomine

237 2567 320 2602 dicti
338 2569 532 2602 monasterii
549 2569 749 2602 defensione
766 2569 810 2602 ab
827 2570 918 2602 omni
936 2578 1084 2611 persona
1108 2571 1141 2602 et
1158 2569 1378 2602 universitate
1396 2570 1438 2602 de
1457 2569 1537 2601 iure.
1557 2568 1597 2601 Et
1614 2569 1659 2601 ita
1676 2568 1756 2600 dicti
1775 2567 1935 2599 dominus
1952 2567 2061 2600 abbas

238 2630 274 2663 et
297 2630 451 2663 canonici
476 2631 611 2663 nomine
636 2631 717 2664 dicti
743 2631 950 2671 monasterii,
975 2632 1004 2664 si
1029 2633 1062 2664 et
1087 2632 1119 2664 in
1145 2633 1308 2673 quantum
1327 2632 1473 2672 possunt
1498 2631 1539 2663 de
1566 2630 1646 2669 iure,
1672 2630 1905 2662 convenerunt
1930 2630 1962 2661 et
1988 2637 2066 2670 pro-

242 2691 422 2726 misserunt
446 2693 538 2726 dicto
562 2693 664 2735 priori
690 2693 865 2735 recipienti
890 2695 923 2726 et
947 2693 1122 2735 stipulanti
1147 2694 1283 2726 nomine
1307 2695 1339 2726 et
1365 2693 1439 2726 vice
1465 2693 1545 2725 dicti
1571 2693 1761 2725 conventus
1802 2691 1978 2732 papiensis
2015 2691 2066 2722 di-

241 2755 370 2788 ctorum
394 2755 532 2789 fratrum
557 2756 687 2789 ordinis
713 2755 968 2796 Heremitarum,
993 2756 1166 2789 attendere
1192 2758 1224 2789 et
1248 2756 1444 2795 observare,
1469 2756 1501 2788 et
1526 2755 1554 2787 si
1573 2739 1618 2787 ita
1635 2763 1702 2786 non
1719 2754 1923 2786 attenderint
1947 2755 1980 2786 et
1997 2762 2063 2785 non

241 2816 510 2858 observaverint,
533 2820 566 2852 et
590 2820 771 2860 propterea
794 2819 852 2851 aut
876 2827 939 2860 pro
963 2818 1127 2860 predictis
1151 2819 1310 2860 superius
1336 2817 1484 2850 venditis
1509 2816 1735 2850 defendendis
1760 2815 1813 2848 vel
1833 2816 1865 2848 in
1883 2824 1965 2848 casu
1991 2816 2063 2848 evi-

243 2879 365 2913 ctionis
388 2882 421 2914 et
444 2881 691 2923 cuiuscumque
717 2881 964 2923 imbrigamenti
990 2881 1142 2922 ipsorum
1167 2881 1238 2913 iure
1271 2881 1351 2912 dicti
1388 2879 1508 2912 fratres
1543 2879 1623 2912 dicti
1661 2880 1852 2911 conventus
1888 2878 2066 2920 papiensis

243 2941 372 2976 ordinis
395 2943 631 2976 heremitarum
664 2943 850 2985 dampnum
886 2943 1025 2985 aliquod
1051 2943 1104 2976 vel
1142 2943 1306 2975 interesse
1343 2942 1437 2984 passi
1473 2941 1606 2981 fuerint,
1647 2941 1700 2974 vel
1737 2949 1926 2982 expensam
1963 2941 2065 2973 modo

241 3003 357 3047 aliquo
378 3004 519 3039 fecerint
542 3006 575 3038 in
601 3005 728 3038 iudicio
752 3005 806 3038 vel
831 3007 927 3038 extra
951 3005 1125 3044 iudicium,
1138 3007 1245 3038 totum
1263 3005 1376 3046 ipsum
1394 3004 1579 3046 dampnum
1604 3006 1636 3037 et
1661 3004 1825 3036 interesse
1843 3005 1876 3036 et
1893 3003 1988 3044 ipsas
2006 3012 2067 3035 ex-

243 3074 370 3109 pensas
393 3076 460 3101 una
483 3076 560 3101 cum
585 3068 701 3109 precio
725 3068 960 3110 suprascripto
984 3069 1042 3100 aut
1066 3076 1106 3100 ea
1130 3069 1224 3109 parte
1250 3067 1360 3109 ipsius
1385 3067 1501 3109 precii,
1537 3075 1599 3108 pro
1623 3075 1691 3108 qua
1726 3065 1879 3107 predicta
1907 3065 2066 3106 superius

243 3129 380 3164 vendita
402 3131 499 3164 erunt
522 3130 644 3170 evicta,
668 3130 749 3163 dicti
773 3130 933 3163 dominus
956 3130 1066 3163 abbas
1090 3131 1123 3163 et
1147 3129 1301 3163 canonici
1327 3129 1466 3163 nomine.
1487 3129 1567 3162 dicti
1593 3128 1787 3161 monasterii
1813 3128 1841 3160 si
1859 3128 1941 3165 etin
1959 3136 2067 3169 quan-

2039 3222 2062 3243 14
