2496 3600
502 267 568 303 -158

591 403 671 437 Item
707 403 829 437 asserit
864 403 976 437 dictus
1011 403 1166 436 sindicus
1190 402 1283 435 dicto
1319 401 1453 434 nomine
1481 400 1574 442 quod
1599 400 1741 443 predicti
1773 399 1934 434 dominus
1957 398 2077 434 Abbas
2100 401 2134 434 et
2156 398 2323 436 Canoniei

498 466 579 500 dicti
606 466 801 500 monasterii
827 465 1067 507 impediuntur,
1092 473 1153 507 per
1176 463 1289 497 dictos
1314 462 1449 496 Fratres
1473 461 1720 502 HeremItanos,
1745 462 1792 496 uti
1817 461 1913 496 libris
1925 462 2155 496 existentibus
2177 462 2222 497 ad
2245 471 2324 506 pre·

499 528 623 562 dictam
647 528 840 568 ecclesiam,
865 537 927 570 pro
951 527 1078 560 divinis
1102 526 1227 560 officiis
1250 528 1318 559 tam
1343 525 1474 559 diurnis
1499 533 1603 567 quam
1628 524 1804 558 nocturnis
1819 522 1882 566 (1).

591 590 672 624 Item
697 591 789 633 quod
827 590 908 624 dicti
946 590 1107 623 dominus
1131 588 1251 622 Abbas
1275 590 1308 622 et
1331 586 1498 622 Canonici
1534 588 1766 630 impediuntur
1789 588 1836 621 ire
1859 587 1903 621 ad
1928 588 2131 631 campanille
2154 588 2244 623 dicte
2267 591 2324 623 ee*

500 654 604 687 clesie
629 663 691 696 pro
716 653 892 695 campanis
918 652 1109 694 pulsandis,
1134 652 1232 684 cuius
1268 650 1471 693 campanilis
1502 650 1631 684 aditum
1666 649 1810 692 predicti
1846 648 1942 683 Prior
1965 652 1999 684 et
2022 649 2137 684 Frater
2171 650 2324 685 HeremIss

502 718 610 749 tarum
636 716 836 758 impediunt.

590 778 671 812 Item
695 778 789 820 quod
815 778 958 820 predicti
985 777 1080 810 Prior
1104 779 1137 810 et
1162 777 1295 811 Fratres
1321 777 1578 816 Heremitarum,
1615 785 1677 819 pro
1709 776 1866 810 intrando
1890 778 1923 810 et
1947 775 2095 810 exiendo
2118 775 2244 810 dictam
2267 763 2371 824 ec--Jiss

499 841 651 880 clesIam‚
677 840 727 873 ibi
747 840 817 874 fieri
843 839 995 873 fecerunt
1020 839 1136 882 plures
1162 841 1289 882 portas.

591 902 670 935 Item
694 903 818 935 asserit
841 903 954 936 dictus
979 902 1145 942 sindicus,
1169 902 1262 936 dicto
1287 903 1434 941 nomine,
1458 903 1491 936 et
1515 901 1686 944 proponit,
1709 901 1804 944 quod
1827 910 1906 935 cum
1929 901 2012 935 dicti
2029 899 2126 935 Prior
2148 902 2182 935 et
2204 900 2327 936 trane·

498 968 635 999 teneant
658 965 701 998 ad
726 966 842 998 fictum
867 974 886 998 a
910 965 1003 999 dicto
1027 965 1234 998 monasterio
1259 965 1406 1007 perticas
1430 973 1493 999 sex
1518 966 1551 998 et
1574 964 1711 998 tabulas
1735 964 1852 998 decem
1867 962 2047 997 sediminis
2062 971 2141 997 eum
2156 963 2326 1001 hedificiis

501 1029 548 1061 ibi
574 1029 707 1070 posItis,
732 1028 859 1070 quibus
883 1026 1043 1061 omnibus
1060 1028 1267 1062 choerebant
1290 1028 1335 1061 ab
1359 1036 1427 1061 una
1450 1029 1546 1070 parte
1569 1025 1663 1070 Systi
1686 1027 1843 1060 fictuales
1866 1026 1948 1060 dicti
1970 1026 2168 1060 monasterii
2184 1027 2332 1063 etam

502 1091 639 1124 choeret
656 1091 797 1123 illustris
810 1091 970 1123 domInus
987 1091 1148 1124 dominus
1160 1088 1288 1124 Comes
1301 1090 1481 1130 Virtutum,
1505 1090 1549 1124 ab
1573 1090 1640 1123 alia
1652 1089 1782 1123 dictum
1795 1089 2039 1123 monasterium
2060 1088 2170 1123 saneti
2181 1085 2274 1123 Petri

501 1155 596 1195 parte
621 1155 653 1187 et
678 1154 710 1186 in
736 1155 831 1195 parte
849 1153 930 1186 dicti
948 1153 1082 1187 Fratres
1106 1152 1353 1186 Heremitarum
1377 1154 1411 1186 et
1434 1153 1469 1186 in
1493 1146 1589 1195 parte
1614 1151 1808 1192 Fiamberti,
1831 1151 1876 1185 ab
1899 1151 1968 1185 alia
1990 1152 2150 1185 coherere
2178 1160 2199 1186 c

501 1219 621 1249 verunt
645 1215 818 1250 Bovatarii
843 1218 876 1249 et
901 1225 990 1249 nunc
1015 1216 1177 1249 choerent
1201 1216 1282 1249 dicti
1306 1216 1427 1249 tratres
1444 1215 1703 1255 Heremitarum,
1719 1215 1794 1248 sive
1819 1214 1865 1248 ibi
1876 1214 1977 1248 aliter
1998 1216 2032 1247 et
2054 1214 2120 1248 aIie
2134 1215 2206 1248 sint

501 1279 629 1318 rencie;
654 1279 720 1321 ipsi
745 1278 843 1311 Prior
867 1281 899 1312 et
924 1279 1043 1312 fratres
1080 1279 1305 1312 cessaverunt
1327 1287 1348 1311 a
1371 1278 1548 1311 solucione
1582 1278 1664 1311 dicti
1688 1277 1756 1311 ficti
1781 1286 1843 1320 per
1865 1276 1983 1319 plures
2005 1278 2039 1311 et
2060 1276 2180 1319 piures
2199 1282 2324 1318 am

500 1342 546 1375 ita
570 1342 663 1383 quod
689 1330 845 1384 predicta
866 1341 1042 1381 sedimIna,
1067 1350 1143 1374 cum
1169 1341 1334 1374 hedificiis
1358 1341 1532 1383 predictis,
1557 1342 1638 1374 sunt
1661 1340 1727 1383 ipsi
1751 1340 1970 1380 monasterio,
1993 1342 2028 1374 et
2049 1340 2086 1374 in
2108 1340 2335 1378 dicturum·-
2381 1343 2382 1346 ’

501 1405 686 1438 nasterium
711 1405 889 1446 pervenIre
914 1404 1050 1438 debent.

587 1467 667 1500 Item
692 1468 815 1500 asserIt
839 1469 872 1500 et
896 1468 1056 1509 proponit
1080 1467 1192 1500 dictus
1216 1467 1382 1506 sindicus,
1406 1466 1499 1500 dicto
1524 1466 1671 1506 nomine,
1695 1466 1789 1508 quod
1813 1465 1895 1499 dum
1912 1465 2010 1499 Prior
2032 1465 2265 1500 claustralisd

498 1530 692 1563 monasterii
718 1532 830 1563 teneat
855 1538 955 1563 suum
982 1529 1094 1563 locum
1118 1530 1271 1563 debitum
1298 1520 1330 1562 in
1355 1530 1502 1564 ecclesia
1527 1530 1722 1568 memorata,
1758 1528 1901 1570 predicti
1926 1527 2023 1562 Prior
2045 1529 2079 1563 et
2103 1527 2237 1562 Fratres
2260 1526 2331 1565 ΗΕ,-

497 1593 689 1626 remitarum
713 1594 966 1634 occupaverunt
989 1592 1082 1625 dicto
1106 1591 1213 1625 Priori
1238 1592 1410 1625 claustrali
1435 1592 1549 1626 locum
1572 1591 1764 1634 predictum
1780 1588 1843 1632 (2).

591 1655 671 1688 Item
695 1656 818 1688 asserit
842 1655 1017 1697 predictus
1032 1655 1196 1694 sindicus,
1222 1655 1314 1688 dicto
1332 1655 1478 1694 nomine,
1496 1654 1588 1697 quod
1606 1654 1687 1688 dicti
1705 1653 1808 1687 Prior
1818 1656 1851 1688 et
1867 1653 1987 1687 fratres
2003 1653 2250 1687 Heremitarum
2266 1661 2311 1697 pe

503 1718 570 1750 vim
596 1719 628 1751 et
653 1718 868 1758 violenciam,
893 1720 1044 1760 tempore
1070 1718 1138 1751 vite
1163 1717 1276 1751 fratris
1290 1717 1402 1751 Iacobi
1427 1716 1625 1756 Busselarii,
1651 1718 1747 1759 ipsos
1771 1717 1945 1750 dominum
1963 1715 2131 1750 Abbatem
2155 1717 2189 1750 et
2214 1713 2331 1750 Cano·-

503 1781 600 1813 nicos
625 1782 810 1822 rapuerunt
834 1781 877 1813 ad
903 1780 1139 1814 dimittendum
1165 1781 1216 1814 eis
1240 1780 1412 1822 quandam
1437 1780 1576 1812 domum
1601 1789 1668 1821 que
1692 1779 1885 1822 appellatur
1907 1778 2026 1818 scolla,
2051 1779 2085 1812 in
2108 1779 2246 1813 duabus

503 1844 601 1877 cibus
619 1842 684 1885 (3):
710 1844 763 1876 cui
789 1844 926 1876 choeret
961 1843 1005 1876 ab
1042 1852 1109 1876 una
1144 1845 1239 1885 parte
1271 1842 1484 1876 cimitterium
1521 1842 1601 1875 dicti
1639 1842 1844 1882 monasterii,
1868 1842 1912 1875 ab
1936 1841 2003 1875 alia
2027 1841 2139 1883 platea
2161 1839 2272 1875 Comu
2312 1840 2314 1842 ’

503 1910 535 1940 et
558 1908 602 1940 ab
626 1907 693 1939 alia
717 1907 844 1939 dictum
882 1906 1134 1945 monasterium,
1171 1906 1244 1939 sibe
1280 1905 1326 1938 ibi
1351 1905 1417 1938 alie
1440 1905 1494 1938 vel
1519 1905 1616 1938 aliter
1651 1905 1719 1938 sint
1753 1905 1963 1938 coherencie.
1999 1903 2040 1938 Et
2063 1913 2165 1946 quam
2189 1903 2329 1939 domim

501 1969 643 2011 predicti
669 1968 766 2001 Prior
789 1970 821 2002 et
846 1967 977 2001 Fratres
1003 1967 1248 2001 Heremitarum
1274 1967 1375 2001 hodie
1399 1969 1514 2001 tenent
1538 1976 1600 2009 per
1623 1967 1692 2000 vim
1716 1969 1929 2009 occupatam.

593 2031 673 2064 Item
699 2031 820 2064 asserit
844 2033 877 2064 et
901 2031 1061 2072 proponit
1085 2030 1196 2063 dictus
1221 2030 1386 2070 sindicus,
1411 2030 1505 2063 dicto
1529 2030 1676 2069 nomine,
1700 2029 1794 2071 quod
1818 2029 1900 2063 dicti
1924 2028 2021 2062 Prior
2044 2030 2077 2062 et
2101 2028 2234 2062 Fratres

505 2094 696 2127 remitarum
722 2095 978 2135 occupaverunt
1002 2102 1062 2126 seu
1089 2094 1255 2126 conantur
1278 2101 1448 2134 occupare
1472 2092 1646 2134 quoddam
1671 2092 1872 2125 cimiterium
1911 2091 2005 2134 quod
2030 2093 2083 2125 est
2105 2092 2183 2124 ante
2205 2090 2380 2141 facien-{¹133

503 2158 592 2190 dicte
605 2157 762 2196 ecclesie,
777 2157 870 2197 quod
884 2156 1084 2188 cimiterium
1109 2156 1254 2197 pertinet
1267 2157 1300 2188 et
1313 2157 1447 2197 spectat
1470 2155 1563 2188 dicto
1588 2155 1795 2188 monasterio
1807 2156 1842 2187 et
1857 2156 1911 2187 est
1926 2154 2011 2187 iuris
2025 2154 2107 2187 dicti
2122 2152 2333 2190 monandi„

598 2219 677 2252 Item
702 2219 874 2253 asseritet
899 2219 1058 2260 proponit
1083 2218 1195 2250 dictus
1219 2217 1385 2257 sindicus,
1409 2217 1501 2250 dicto
1526 2217 1672 2257 nomine,
1697 2217 1790 2258 quod
1804 2217 1929 2249 habere
1945 2216 2270 2249 debetmedietatem
2285 2214 2334 2249 de
2377 2235 2379 2239 ,

503 2282 663 2314 omnibus
698 2281 937 2314 oblacionibus
973 2283 1004 2313 et
1040 2280 1116 2313 aliis
1151 2280 1364 2313 funeralibus
1388 2280 1561 2322 perceptis
1596 2288 1657 2321 per
1681 2279 1777 2321 ipsos
1802 2278 1934 2312 Fratres
1958 2287 1978 2311 a
2001 2280 2153 2320 tempore
2177 2286 2247 2320 quo
2269 2277 2333 2311 do-

504 2345 616 2377 minus
637 2342 764 2377 Galeaz
789 2343 990 2376 vicecomes
1016 2343 1134 2375 habuit
1159 2342 1313 2384 Papiam,
1340 2343 1436 2375 citra.
2289 2338 2291 2340 ’

596 2406 675 2439 Item
701 2406 744 2438 de
769 2406 928 2438 omnibus
954 2405 1054 2447 paliis
1079 2405 1179 2444 datis,
1204 2414 1224 2437 a
1248 2405 1341 2437 dicto
1365 2407 1517 2446 tempore
1542 2405 1635 2443 citra,
1660 2413 1722 2446 per
1745 2403 1932 2446 prefactum
1957 2403 2132 2436 dominum
2157 2402 2339 2437 dominum

507 2468 635 2502 Galeaz
659 2471 691 2501 et
716 2468 879 2501 illustrem
904 2468 1078 2500 dominum
1103 2468 1278 2500 dominum
1303 2465 1472 2500 Comitem
1497 2466 1664 2500 Virtutum
1689 2468 1722 2500 et
1746 2464 1901 2500 Comune
1926 2465 2042 2508 Papie.
2311 2511 2312 2514 Ἴ
2343 2505 2357 2512 ἢ,

598 2532 677 2564 Item
701 2531 783 2564 dicit
808 2532 840 2563 et
864 2531 987 2563 asserit
1011 2530 1122 2562 dictus
1148 2530 1313 2569 sindicus,
1338 2529 1430 2562 dicto
1455 2530 1601 2568 nomine,
1626 2529 1719 2570 quod
1745 2529 1810 2571 ipsi
1835 2527 1932 2561 Prior
1955 2530 1987 2561 et
2010 2528 2130 2561 fratres
2165 2514 2359 2563 dimittant?

507 2596 539 2627 et
564 2595 739 2627 restituere
764 2594 910 2627 debeant
934 2594 999 2635 ipsi
1026 2593 1165 2625 domino
1190 2591 1314 2625 Abbati
1333 2594 1365 2625 et
1383 2590 1568 2625 Canonicis
1593 2592 1806 2624 medietatem
1822 2591 2024 2624 funeralium
2041 2592 2075 2623 et
2090 2590 2259 2632 obsequio
2309 2607 2312 2615 ·

514 2797 577 2819 volte
592 2797 622 2819 da
637 2797 708 2819 errori
724 2797 746 2819 di
762 2796 822 2819 fatto
837 2803 849 2818 e
864 2797 894 2818 da
909 2796 1032 2818 malintesi.
1049 2795 1092 2818 Per
1107 2801 1140 2818 es.
1156 2795 1178 2818 la
1193 2795 1267 2822 prima
1282 2794 1399 2817 domanda
1454 2794 1533 2816 valore
1547 2795 1590 2817 che
1603 2794 1676 2817 allora
1690 2799 1804 2817 avevano.
1819 2793 1916 2817 sembra
1940 2794 1977 2815 del
1993 2795 2058 2816 resto
2076 2793 2119 2816 che
2132 2793 2164 2821 gli
2211 2804 2213 2806 -
2227 2803 2238 2812 v>
2249 2802 2261 2811 »ι

514 2842 550 2863 dei
566 2841 676 2864 canonici
691 2841 800 2868 riguarda
815 2842 821 2863 i
835 2841 933 2863 funeralt
948 2841 971 2863 di
987 2841 1089 2862 Lucliino
1106 2840 1144 2862 dal
1154 2840 1246 2865 Verme:
1264 2844 1309 2866 ma,
1327 2844 1394 2861 come
1448 2844 1495 2862 non
1509 2839 1639 2861 avrebbero
1653 2840 1739 2866 negato
1753 2838 1804 2861 Ioro
1818 2838 1880 2861 l'uso
1894 2838 1932 2860 dei
1946 2838 2006 2866 libri,
2023 2843 2050 2860 se
2065 2838 2072 2859 i
2092 2837 2213 2867 canonici,
2225 2842 2295 2862 wne
2341 2844 2364 2866 ’ἡ

513 2886 624 2908 abbiamo
638 2886 727 2908 veduto
740 2886 762 2907 al
777 2886 830 2908 doc.
852 2891 874 2908 n.
896 2885 964 2912 XCII,
979 2886 985 2907 i
1001 2885 1108 2912 preventi
1122 2885 1145 2906 di
1160 2884 1214 2911 quei
1236 2884 1332 2906 Iunerali
1354 2890 1396 2910 per
1451 2883 1546 2911 dovere,
1559 2889 1672 2906 avessero
1685 2883 1785 2906 recitato
1798 2882 1896 2906 l'utfieio
1908 2887 1953 2905 con
1967 2883 2022 2904 essi.
2037 2882 2095 2905 VedI
2109 2882 2150 2910 piu
2165 2882 2257 2906 innanzi
2324 2872 2366 2906 >⁸53

515 2935 625 2957 espressa
641 2930 736 2952 volonta
751 2930 788 2952 dci
803 2930 958 2952 committenti
969 2935 1040 2951 erano
1050 2929 1107 2951 stati
1117 2929 1194 2951 offerti
1204 2928 1399 2951 esclusivamente
1454 2930 1538 2955 sposta
1552 2928 1613 2956 degli
1627 2927 1781 2955 Agostiniani.
2290 2941 2296 2959 i
2322 2944 2356 2961 ‚4

515 2974 561 3001 agli
577 2974 710 3002 Eremitanl,
725 2975 805 3002 quindi
820 2975 842 2997 la
856 2974 973 2997 domanda
987 2979 1099 2996 mancava
1114 2974 1137 2996 di
1155 2973 1315 2996 fondamento.
1503 2973 1535 2999 (2)
1548 2972 1568 2995 Α
1582 2973 1668 2999 questa
1681 2977 1695 2994 e
1708 2971 1740 2994 ad
1752 2972 1813 2994 altre
1826 2971 1894 2994 simili
1915 2976 2001 2995 secuse
2021 2971 2166 2999 rispondono
2185 2971 2218 3000 gil
2239 2966 2357 3001 We,

569 3017 601 3044 (1)
615 3018 638 3041 Si
654 3019 702 3041 noti
718 3024 759 3046 per
773 3019 834 3042 altro
855 3019 898 3042 che
919 3019 957 3041 dal
971 3019 1023 3041 doc.
1039 3024 1063 3040 n.
1078 3018 1098 3040 X
1112 3018 1203 3045 risulta,
1226 3018 1268 3040 che
1283 3017 1289 3039 i
1304 3017 1355 3040 libri
1377 3023 1399 3040 e-
1453 3017 1514 3039 niani
1529 3017 1552 3039 in
1567 3017 1653 3045 questo
1666 3017 1746 3039 stesso
1760 3015 1902 3039 documento
1915 3016 1949 3038 ed·
1959 3016 1983 3038 in
1995 3015 2058 3039 altri.
2331 3009 2340 3022 ⁷²
2357 3007 2360 3008 ⁷

518 3067 575 3085 rano
589 3062 612 3084 di
637 3062 756 3090 proprieta
778 3062 838 3090 degli
863 3063 996 3090 Etemitani,
1021 3063 1027 3084 i
1051 3062 1115 3089 quali
1134 3062 1277 3085 certamente
1297 3067 1402 3084 avranno
1508 3061 1541 3088 (3)
1554 3061 1574 3084 Α
1587 3061 1652 3084 torto
1667 3061 1706 3089 qui
1721 3060 1741 3084 si
1755 3061 1830 3083 abusa
1850 3059 1888 3083 del
1909 3066 1978 3084 nome
1992 3060 2030 3083 dei
2050 3060 2179 3084 Bussolari.
2199 3060 2259 3085 vesu
2278 3060 2332 3085 doe-

517 3108 601 3130 curato
615 3107 636 3129 la
658 3106 767 3134 diligente
789 3106 970 3130 conservazione
991 3107 1014 3130 di
1038 3107 1098 3134 essi,
1121 3107 1143 3129 in
1158 3106 1218 3129 vista
1240 3106 1294 3128 dell'
1303 3111 1397 3129 enorme
1452 3111 1474 3127 n.
1490 3105 1569 3129 XLVII
1582 3115 1592 3122 ·
1605 3104 1682 3128 XLIX.
