2496 3600
1942 247 2009 280 209

190 375 371 411 ascensive
397 383 506 417 usque
531 376 574 408 ad
599 376 727 409 dictum
752 378 932 419 septimum
958 378 1137 421 virgulum,
1154 387 1220 420 que
1246 378 1361 418 verba,
1379 378 1490 420 posita
1514 379 1599 411 inter
1624 378 1764 411 verbum
1790 378 1853 411 Die
1878 382 1910 411 et
1935 389 2009 412 ver-

191 437 271 471 bum
297 437 441 477 Mensis,
465 438 498 469 in
523 437 614 470 dicto
646 439 779 480 virgulo
811 440 938 481 scripta
971 442 1060 479 sunt,
1087 442 1121 473 ut
1146 441 1247 473 michi
1266 442 1410 479 constat,
1436 442 1468 472 et
1493 440 1548 472 illa
1573 442 1605 472 et
1630 442 1740 472 cetera
1773 444 1919 473 correcta
1950 451 2009 482 per

93 491 113 522 s
189 499 344 533 eiusdem
369 499 422 531 vel
448 508 509 540 per
533 508 640 532 meam
667 509 801 533 manum
828 502 859 533 in
885 502 1058 543 aliquibus
1090 503 1308 541 dictionibus,
1334 502 1386 535 vel
1412 502 1555 544 syllabis
1581 501 1714 534 refectis
1740 511 1799 534 seu
1834 505 2007 544 reparatis,

189 561 345 603 approbo
369 561 581 602 corrigendo,
600 563 632 594 et
657 571 723 594 una
749 572 823 595 cum
849 564 1060 604 appensione
1085 564 1186 606 sigilli
1212 563 1347 597 Domini
1374 565 1436 597 mei
1462 563 1597 596 Domini
1616 562 1808 597 Cardinalis
1833 565 1958 603 arbitri,
1977 568 2008 597 et

190 623 411 662 arbitratoris,
435 625 467 655 et
491 623 681 656 amicabilis
713 626 961 666 compositoris,
988 627 1139 667 predicti,
1165 627 1264 668 signo
1296 635 1335 659 ac
1370 627 1504 659 nomine
1538 627 1622 659 meis
1655 627 1828 659 consuetis
1862 628 2006 668 signavi,

190 687 329 728 rogatus
353 685 544 727 specialiter
560 694 599 718 ac
618 687 813 727 requisitus,
832 688 864 719 in
882 688 983 720 fidem
1002 691 1034 720 et
1051 689 1279 721 testimonium
1302 690 1451 721 omnium
1470 691 1502 721 et
1519 689 1728 731 singulorum
1756 690 2007 730 premissorum.

278 747 318 781 Et
342 757 406 790 ego
431 747 531 791 Hugo
556 747 679 780 Draem
705 749 849 781 clericus
868 749 1099 783 Traiectensis
1124 752 1308 792 pubblicus
1334 751 1498 792 Imperiali
1524 751 1723 784 auctoritate
1737 751 1898 784 Notarius
1916 754 2010 784 teno-

189 819 258 844 rem
283 812 506 853 suprascripti
532 812 743 844 instrumenti
769 821 845 843 cum
873 813 946 844 suis
971 813 1231 845 interlineaturis
1250 815 1281 846 et
1299 813 1565 846 correctionibus
1582 814 1624 846 de
1643 814 1802 846 mandato
1816 812 1950 845 Domini
1977 816 2009 846 et

188 873 344 915 Magistri
370 873 462 907 Nerii
487 873 645 915 Ruggerii
671 871 849 906 Secretarii
875 876 907 906 et
932 874 1060 906 Notarii
1086 875 1225 915 publici,
1243 875 1285 907 de
1307 875 1397 907 dicto
1423 876 1644 908 instrumento
1669 876 1786 916 rogati,
1805 885 1905 907 manu
1931 885 2009 916 pro-

188 936 262 977 pria
293 935 435 968 fideliter
466 935 594 976 scripti,
620 937 651 967 et
676 935 903 967 auscultando
936 946 1000 968 una
1034 945 1109 968 cum
1135 946 1176 969 eo
1202 938 1332 969 correxi
1359 939 1390 969 et
1416 938 1635 976 interlineavi;
1661 938 1864 979 signumque
1897 947 2007 970 rneurn

189 997 242 1030 hic
267 998 413 1038 apposui
440 998 472 1029 in
498 997 726 1029 testimonium
753 998 902 1029 omnium
928 1000 960 1030 et
985 999 1194 1039 singulorum
1221 1000 1473 1040 premissorum.

1005 1261 1188 1301 CXVI.

277 1381 383 1410 Frate
407 1379 602 1410 Domenic'o
627 1380 672 1409 da
697 1380 795 1409 Forli
821 1380 945 1408 Priore
970 1379 1006 1408 di
1032 1380 1066 1409 S.
1087 1380 1261 1416 Agostino
1278 1389 1370 1417 paga
1388 1380 1421 1409 ai
1439 1380 1608 1409 Canonici
1626 1381 1742 1410 alcuni
1760 1382 1865 1410 annui
1891 1382 2006 1411 affitti.

774 1502 931 1535 1396,
959 1503 1302 1534 setternbre,
1331 1502 1409 1528 13.

675 1599 753 1624 (Arcti.
769 1599 792 1621 di
807 1599 884 1626 Statu,
900 1599 989 1621 Milano
1003 1611 1029 1614 -
1045 1599 1151 1626 Pergam.
1167 1599 1189 1620 di
1205 1598 1228 1621 S.
1245 1599 1324 1621 Pietro
1339 1600 1361 1620 in
1377 1598 1425 1621 Ciel
1441 1599 1526 1624 d’oro).

242 1790 250 1797 ⁶
289 1794 339 1911 I
423 1791 455 1866 {N
480 1807 614 1839 nomine
639 1806 775 1839 Domini
802 1806 918 1839 Amen.
946 1806 1044 1839 Anno
1069 1815 1087 1839 a
1113 1807 1287 1839 nativitate
1313 1807 1465 1839 eiusdem
1491 1806 1670 1839 millesimo
1687 1807 1924 1839 trecentesimo
1949 1816 2009 1839 no-

424 1869 426 1921 l
454 1870 629 1912 nagesimo
643 1871 753 1909 sexto,
766 1872 886 1911 quarta
901 1870 1094 1908 indictione,
1108 1869 1163 1902 die
1177 1870 1420 1902 terdiodecimo
1435 1871 1562 1903 mensis
1576 1870 1789 1911 septembris,
1804 1870 1884 1901 hora
1911 1878 2008 1908 none,

210 1967 277 1970 *-
345 1968 390 1971 m
409 1929 426 1971 W!
454 1934 486 1965 in
504 1933 622 1975 Papia,
636 1933 795 1966 videlicet
809 1934 841 1964 in
855 1933 1003 1965 claustro
1019 1932 1222 1973 infrascripti
1238 1933 1432 1965 monasterii
1459 1933 1564 1965 sancti
1581 1932 1680 1971 Petri,
1695 1934 1789 1973 porte
1808 1931 2007 1971 Laudensis,

185 1996 345 2037 parochie
358 1997 466 2029 sancti
493 1995 569 2028 Viti.
582 1995 817 2029 Reverendus
831 1997 926 2036 pater
939 1995 1099 2027 dominus
1122 1994 1224 2027 frater
1249 1994 1437 2036 Dionysius
1454 1995 1496 2027 de
1522 1993 1722 2028 Cermenate
1740 1994 1801 2026 Dei
1820 1996 1852 2026 et
1869 1996 2008 2035 aposto—

185 2057 247 2090 lice
261 2055 362 2091 Sedis
387 2059 493 2100 gratia
519 2057 637 2090 Abbas
663 2057 858 2090 monasterii
884 2058 991 2089 sancti
1017 2056 1105 2089 Petri
1132 2058 1163 2089 in
1189 2058 1263 2089 celo
1288 2066 1391 2089 aureo
1417 2058 1603 2098 papiensis,
1622 2066 1682 2089 nec
1698 2066 1763 2089 non
1779 2057 1879 2089 frater
1904 2055 2009 2088 Anto-

187 2120 288 2153 ninus
323 2120 366 2153 de
395 2120 567 2162 Mapheis,
604 2120 705 2152 frater
741 2119 918 2152 Dionisius
943 2119 985 2151 de
1012 2118 1139 2158 Alzate,
1164 2119 1264 2152 frater
1290 2119 1418 2152 Paulus
1443 2119 1485 2151 de
1512 2117 1632 2158 Cottis‚
1669 2119 1769 2151 frater
1795 2118 2008 2160 Augustinus

185 2182 228 2215 de
253 2180 464 2222 Cermenate,
489 2182 590 2215 frater
614 2182 781 2214 lohannes
806 2182 848 2214 de
873 2180 1108 2223 Sanctopetro,
1132 2181 1233 2214 frater
1259 2181 1397 2214 Tadeus
1422 2182 1464 2214 de
1490 2181 1679 2223 Bagnasco,
1703 2181 1805 2213 frater
1823 2180 2008 2213 leronimus

186 2245 228 2277 de
247 2244 419 2284 Ferrariis,
437 2243 601 2278 Canonici
617 2244 811 2276 monasterii
826 2244 978 2285 predicti,
996 2252 1072 2276 curn
1091 2252 1273 2282 consensu,
1291 2244 1461 2284 presentia
1479 2245 1510 2275 et
1527 2243 1726 2276 auctoritate
1744 2242 1862 2284 prefati
1880 2242 2006 2274 domini

186 2306 331 2340 Abbatis
356 2307 520 2340 facientes
544 2308 576 2339 et
601 2307 873 2348 representantes
899 2306 1081 2347 plusquam
1107 2306 1194 2338 duas
1220 2307 1332 2347 partes
1346 2306 1455 2338 tocius
1470 2304 1631 2347 Capitulli
1647 2305 1840 2337 monasterii
1855 2304 2007 2346 predicti,

186 2370 260 2402 suis
284 2369 480 2402 nominibus
504 2371 536 2401 et
561 2369 694 2401 nomine
720 2370 752 2400 et
777 2368 851 2400 vice
888 2368 1081 2400 monasterii
1118 2368 1260 2409 predicti
1286 2370 1318 2400 et
1342 2368 1454 2400 tocius
1489 2366 1640 2408 capitulli
1673 2366 1839 2405 eiusdem,
1875 2365 2008 2398 fuerunt

186 2432 335 2465 contenti
361 2433 394 2464 et
417 2431 567 2464 confessi
594 2439 715 2464 versus
741 2430 975 2465 Reverendum
1001 2432 1130 2472 patrem
1155 2430 1329 2462 dominum
1366 2429 1501 2462 fratrem
1528 2428 1767 2462 Dominichum
1793 2429 1835 2461 de
1860 2428 2009 2460 Furlivio

186 2494 416 2536 professorem
441 2503 536 2527 sacre
561 2494 684 2536 pagine
708 2492 928 2534 Prioremque
953 2492 1115 2532 Fratrum,
1141 2492 1291 2534 capitulli
1317 2494 1349 2524 et
1374 2494 1563 2524 conventus
1599 2490 1738 2524 Ordinis
1772 2491 2007 2523 heremitarum

186 2557 294 2590 sancti
320 2556 501 2599 Augustini
527 2556 703 2598 papiensis
729 2555 774 2587 ibi
800 2557 1002 2596 presentem,
1027 2556 1059 2588 et
1083 2555 1169 2587 hanc
1195 2554 1446 2587 confessionem
1472 2555 1504 2586 et
1529 2554 1642 2586 omnia
1678 2553 1890 2594 infrascripta
1927 2553 2010 2585 reci-

187 2619 334 2662 pientem
359 2621 392 2651 et
416 2619 632 2660 stipulantem
658 2627 721 2650 suo
747 2620 778 2650 et
803 2618 938 2650 nomine
962 2619 994 2650 et
1019 2618 1093 2650 vice
1130 2617 1278 2656 fratrum,
1315 2616 1465 2658 capitulli
1491 2618 1523 2649 et
1547 2617 1737 2648 conventus
1774 2615 2008 2647 heremitarum

186 2681 428 2724 predictorum,
454 2681 617 2714 habuisse
641 2682 674 2713 et
699 2681 871 2722 recepisse
896 2680 940 2712 ab
965 2689 1016 2719 eo,
1042 2688 1106 2712 suo
1130 2681 1163 2712 et
1187 2679 1278 2711 dicto
1303 2679 1438 2711 nomine
1463 2678 1568 2711 libras
1593 2678 1709 2710 decern
1727 2679 1759 2710 et
1776 2678 1864 2716 octo,
1890 2677 2009 2710 soldos

187 2743 368 2777 duodecim
393 2746 426 2776 et
449 2743 608 2776 denarios
633 2745 710 2775 octo
735 2743 920 2784 papienses
945 2742 1010 2775 sibi
1036 2742 1135 2774 datos
1160 2743 1192 2774 et
1216 2741 1391 2774 actualiter
1405 2743 1599 2774 numeratos
1617 2741 1648 2772 in
1667 2740 1844 2781 presencia
1861 2739 2009 2778 testium,

187 2809 219 2840 et
243 2807 308 2840 mei
334 2806 465 2846 notarii,
502 2805 803 2847 infrascriptorum‚
829 2814 891 2847 pro
916 2805 1016 2846 plena
1040 2806 1073 2837 et
1098 2805 1227 2846 integra
1263 2804 1439 2837 solucione
1464 2805 1496 2836 et
1531 2803 1765 2836 satisfactione
1789 2802 1900 2834 tocius
1925 2802 2007 2839 eius,

187 2868 280 2911 quod
306 2869 371 2910 ipsi
396 2869 555 2902 dominus
580 2868 689 2901 abbas
714 2869 747 2900 et
771 2867 925 2900 canonici
951 2867 1024 2900 suis
1048 2868 1081 2899 et
1105 2866 1205 2899 dictis
1242 2866 1436 2898 nominibus
1472 2866 1516 2897 ab
1553 2865 1638 2906 ipsis
1670 2864 1817 2897 dominis
1842 2864 1952 2905 priore
1978 2865 2010 2896 et

187 2931 348 2964 fratribus
373 2933 487 2973 petere
512 2932 654 2972 possent
678 2939 739 2963 seu
765 2929 890 2962 vellent
913 2938 933 2962 a
957 2929 1045 2962 festo
1070 2929 1178 2962 sancti
1204 2928 1340 2961 Martini
1367 2928 1520 2969 proxime
1545 2929 1687 2960 venturo
1712 2928 1810 2966 retro,
1828 2926 2009 2959 occasione

187 2993 255 3027 ficti
280 2993 411 3027 illarum
437 2993 662 3035 perticharum
688 3001 750 3025 sex
775 2994 807 3025 et
831 2991 1034 3025 tabullarum
1061 2991 1178 3024 decem
1203 2991 1406 3023 sediminum
1432 2990 1620 3032 positorum
1645 2991 1677 3022 et
1702 2989 1888 3022 iacencium
1907 2989 1938 3020 in
1965 2989 2011 3020 ci-

188 3057 291 3090 vitate
316 3055 422 3098 Papie
447 3057 480 3089 in
505 3054 673 3090 Citadella
698 3056 818 3097 ipsius,
845 3056 940 3096 porte
965 3054 1164 3093 Laudensis,
1190 3053 1350 3095 parochie
1375 3053 1483 3086 sancti
1502 3050 1675 3091 VitizQue
1690 3052 1755 3094 ipsi
1774 3051 1900 3084 domini
1919 3051 2010 3092 prior

187 3120 221 3152 et
245 3118 365 3152 fratres
389 3119 504 3152 tenent
528 3118 572 3151 ad
596 3118 711 3151 fictum
737 3126 756 3150 a
780 3117 881 3150 dictis
906 3116 1044 3149 domino
1069 3115 1192 3148 abbate
1217 3117 1249 3148 et
1274 3115 1460 3154 canonicis,
1485 3114 1565 3147 dicti
1583 3114 1777 3147 monasterii
1796 3113 1941 3150 nomine,
1966 3112 2009 3144 ad

1979 3180 2006 3201 21
