2496 3600
459 241 525 275 218

459 374 664 415 nominibus,
689 374 906 417 preluditium
930 373 1080 412 tendant,
1100 373 1253 405 dicentes
1278 370 1510 404 investituram
1535 369 1686 412 ipsarum
1710 368 1902 403 tabularum
1928 370 2084 417 quatuor·
2109 369 2224 404 valere
2246 372 2283 406 et

459 437 580 470 durare
616 436 741 470 debere
765 438 796 469 et
821 436 913 478 quod
939 435 1029 468 valet
1053 436 1085 467 et
1108 434 1216 467 durat.
1242 433 1283 466 Et
1306 433 1399 475 quod
1436 431 1543 475 parati
1568 433 1648 466 sunt
1671 431 1763 466 circa
1786 431 1938 474 predicta
1961 432 2076 467 omnia
2099 440 2161 476 per
2182 432 2281 476 ipsos

460 499 634 533 dominum
658 498 816 532 abbatem
842 500 874 531 et
898 497 1031 531 fratrem
1057 496 1202 530 Leonem
1227 495 1300 529 suis
1325 497 1357 528 et
1380 495 1482 528 dietis
1505 494 1702 528 nominibus
1725 494 1886 536 exposita
1901 493 2013 528 tacere
2037 495 2072 529 et
2093 494 2280 538 adimplere

461 561 628 604 quidquid
653 561 696 594 de
722 561 792 594 iure
816 562 980 599 tenentur,
1009 558 1194 592 dummodo
1218 566 1279 600 per
1302 557 1397 600 prius
1421 557 1608 591 doceantur
1631 558 1665 590 et
1688 556 1828 591 videant
1851 558 1885 591 et
1908 558 2119 600 cognoscant
2141 557 2224 600 quid
2248 558 2284 592 et
2334 595 2338 603 k
2379 561 2386 572 ⁸

461 625 623 666 quantum
648 623 713 664 ipsi
739 622 897 655 dominus
921 621 1013 664 prior
1035 622 1067 654 et
1092 620 1212 653 tratres
1235 619 1346 653 iacere
1370 620 1527 653 tenentur
1542 621 1575 653 et
1590 619 1633 653 de
1650 619 1722 653 iure
1749 619 1992 663 astringuntur,
2019 619 2172 654 dicentes
2188 619 2283 662 quod

462 695 522 728 per
546 686 641 728 ipsos
666 694 732 718 non
747 686 812 717 stat
837 686 869 716 et
894 684 1120 725 protestantes
1134 682 1226 724 quod
1241 690 1301 724 per
1313 690 1374 715 eos
1387 690 1455 714 non
1468 682 1619 715 remanet
1631 681 1714 724 quin
1727 680 1932 715 solutionem
1945 681 2133 724 predictam
2157 681 2285 716 faciant

462 748 647 781 dummodo
671 747 720 780 eis
745 746 859 779 debita
884 745 1056 778 confessio
1080 746 1112 777 et
1136 744 1291 777 liberatio
1308 744 1375 777 fiat.
1394 743 1434 777 Et
1451 743 1494 777 de
1517 743 1680 786 predictis
1703 743 1865 778 omnibus
1881 743 1962 778 dicti
1986 743 2148 778 dominus
2162 743 2284 784 abbas,

464 811 565 852 prior,
590 810 690 842 trater
726 809 897 841 Luchinus
922 810 953 840 et
977 807 1079 857 irater
1103 806 1171 840 Leo
1195 807 1269 840 suis
1294 808 1326 840 et
1350 806 1452 839 dictis
1477 805 1674 840 nominibus
1697 805 1847 849 singulla
1877 805 2025 850 singulis
2048 806 2164 841 debite
2187 807 2287 841 rette-
2358 838 2371 851 ‚f

463 872 578 911 rendo,
604 872 689 904 hanc
714 872 838 903 cartam
863 870 933 902 fieri
959 870 1164 912 rogaverunt
1180 869 1397 911 presentibus
1411 867 1610 901 Ludovicho
1622 868 1665 902 de
1679 866 1801 902 Sachis
1813 868 1857 902 de
1869 868 2005 912 Liguria
2021 868 2092 902 illio
2107 869 2282 911 quondam
2301 909 2305 913 ι
2339 885 2354 917 3=

464 933 612 972 Rastelli,
633 932 820 965 Thomasio
844 932 886 964 de
912 930 1106 964 Valdetario
1129 931 1172 963 de
1197 929 1371 964 Placentia
1395 930 1465 963 filio
1489 929 1662 972 quondam
1687 929 1930 971 Francischoti,
1954 932 1987 964 et
2010 929 2133 967 Rufino
2156 931 2200 965 de
2224 930 2289 966 La-

463 996 604 1029 sablone
629 995 698 1028 tilio
723 994 825 1028 Petri.
852 993 932 1026 Inde
957 993 1102 1026 testibus
1127 993 1217 1026 notis
1238 995 1271 1026 et
1288 993 1431 1026 vocatis.
2349 1022 2374 1051 5?

552 1057 624 1099 Ego
650 1057 792 1090 lacobus
816 1056 858 1089 de
883 1054 1036 1089 Canibus
1061 1055 1221 1097 publicus
1245 1055 1424 1098 papiensis
1447 1054 1646 1088 auctoritate
1671 1055 1835 1098 imperiali
1860 1055 2022 1090 Notarius
2046 1056 2211 1099 predictis
2234 1056 2288 1090 in-

467 1120 565 1153 terfui
591 1122 623 1153 et
648 1121 786 1161 rogatus
811 1119 898 1151 hanc
922 1119 1047 1151 cartam
1075 1118 1198 1150 tradidi
1223 1119 1256 1151 et
1280 1117 1414 1159 scripsi.

1227 1370 1522 1413 CXXVIII.

554 1480 800 1518 Disposizioni
816 1480 1086 1510 testamentarie
1100 1480 1136 1510 di
1153 1480 1245 1511 Gian
1262 1480 1445 1511 Galeazzo
1461 1480 1628 1510 Visconti
1645 1480 1866 1519 rigum-danti
1881 1481 1917 1512 la
1933 1481 2066 1512 chiesa
2078 1481 2116 1512 di
2133 1482 2170 1513 S.
2187 1481 2284 1520 Ago-
2317 1499 2320 1504 ·
2347 1462 2382 1499 ἰ”ἷ

471 1535 565 1564 stino
590 1535 628 1564 di
653 1535 778 1564 Pavra.

840 1656 997 1690 1399,
1020 1658 1347 1684 settembre
1363 1669 1384 1694 μ
1404 1657 1561 1691 1400,
1589 1657 1852 1694 gennem-Io
1871 1657 1925 1693 (1),

1042 1745 1076 1771 (L.
1092 1745 1161 1772 Oslo,
1177 1745 1276 1769 Ducum.
1292 1746 1400 1774 diplom„
1415 1746 1462 1769 vol.
1478 1746 1495 1774 1,
1511 1752 1565 1774 pag.
1580 1746 1621 1770 3³7
1635 1752 1648 1769 e
1662 1746 1721 1773 338).

708 1902 711 1920 l

738 2006 930 2049 Augustini,
952 2007 1017 2040 sita
1041 2007 1074 2039 in
1100 2005 1267 2040 Citadella
1299 2006 1416 2049 Papie,
1445 2007 1658 2050 compleatur
1672 2006 1735 2051 (2),
1759 2011 1792 2043 et
1816 2018 1942 2052 corpus
1965 2010 2075 2043 sancti
2100 2009 2295 2053 Augustini,

483 1883 489 2105 1
573 1930 623 2048 Ι
709 1922 797 1977 1ΤΕΜ
813 1941 947 1985 (voluit,
965 1945 1081 1978 statuit
1106 1946 1138 1978 et
1162 1942 1347 1986 ordinavit)
1365 1945 1458 1987 quod
1483 1954 1562 1978 arca
1586 1954 1785 1986 marmorea,
1802 1955 1870 1988 que
1886 1948 1940 1980 est
1963 1946 1996 1979 in
2021 1946 2166 1980 ecclesia
2183 1947 2293 1983 sancti

738 2070 830 2112 quod
856 2078 934 2103 esse
958 2070 1082 2103 dicitur
1105 2071 1138 2102 in
1164 2071 1240 2112 ipsa
1264 2071 1421 2111 ecclesia,
1447 2073 1630 2114 reponatur
1654 2071 1688 2105 in
1712 2071 1801 2106 Arca
1825 2071 1979 2114 predicta
1981 2097 2078 2106 .........

558 2131 637 2165 ltem
664 2132 771 2165 voluit
788 2135 819 2166 et
836 2124 1006 2166 ordinavit
1031 2134 1123 2175 quod
1149 2142 1275 2176 corpus
1299 2134 1419 2176 prefati
1445 2134 1615 2177 magnifici
1640 2135 1768 2168 domini
1786 2133 1914 2168 Galeaz
1937 2135 2101 2178 genitoris
2116 2135 2182 2176 sui,
2199 2134 2294 2178 quod
2351 2131 2395 2180 ζ

471 2194 640 2235 sepultum
666 2197 718 2228 est
743 2196 775 2227 in
801 2195 946 2228 ecclesia
970 2196 1079 2229 sancti
1105 2195 1287 2238 Augustini
1314 2197 1346 2229 in
1371 2195 1541 2230 Citadella
1564 2196 1682 2240 Papie,
1699 2197 1871 2231 deteratur
1893 2198 1938 2231 ad
1962 2197 2144 2232 eeclesiam
2170 2195 2299 2232 catlie-

471 2256 610 2296 dralem‚
636 2258 668 2289 in
694 2258 830 2291 civitate
855 2258 1042 2291 Mediolani
1076 2260 1304 2292 constructam
1330 2259 1363 2292 in
1389 2260 1552 2293 honorem
1589 2260 1786 2294 beatissime
1822 2261 1965 2303 virginis
1989 2259 2100 2294 Marie
2115 2258 2180 2303 (3),
2204 2261 2238 2295 et
2261 2261 2296 2294 in

471 2319 546 2360 ipsa
571 2319 715 2353 ecclesia
740 2320 923 2353 honorifice
949 2320 1134 2362 sepeliatur
1157 2323 1257 2363 prout
1281 2322 1492 2355 conveniens
1516 2322 1626 2363 fuerit,
1643 2323 1770 2366 fiatque
1793 2324 1826 2356 et
1850 2323 2024 2356 ordinetur
2048 2323 2175 2357 circum
2202 2322 2298 2358 circa
2347 2314 2391 2327 ”

471 2381 645 2423 sepultura
670 2382 832 2416 solemnis
856 2385 889 2415 et
913 2392 1015 2424 quam
1041 2383 1273 2416 honorabilior
1296 2385 1366 2417 fieri
1393 2385 1526 2426 poterit,
1551 2386 1718 2427 inspectis
1742 2385 1965 2428 qualitatibus
1981 2388 2015 2420 et
2031 2386 2195 2428 dignitate
2211 2386 2296 2420 tanti

473 2444 611 2476 domini.
1663 2443 1665 2445 ’

517 2601 557 2628 ,(1)
573 2601 656 2624 L'Osio
670 2602 700 2623 da
714 2607 728 2624 a
743 2604 829 2629 questo
844 2603 986 2626 documento
1000 2604 1021 2625 la
1037 2604 1092 2626 data
1108 2604 1144 2626 del
1161 2604 1220 2631 1397;
1236 2610 1272 2626 rna
1289 2610 1355 2627 corne
1410 2607 1520 2628 numento
1535 2606 1654 2634 durarem,
1664 2607 1707 2629 che
1715 2612 1797 2629 manca
1804 2607 1878 2629 anche
1885 2607 2088 2635 oggi,edalnvon
2095 2607 2119 2629 di
2126 2606 2296 2630 abbeilinmto

476 2647 531 2667 nota
546 2646 561 2667 il
576 2645 687 2669 ROMANO
701 2647 781 2673 (Arcti.
797 2649 856 2670 ator,
873 2649 936 2675 ital„
958 2650 1014 2670 tom.
1037 2649 1086 2675 XX,
1110 2649 1170 2674 1897)
1191 2655 1219 2671 va
1242 2649 1358 2676 riportato
1412 2650 1441 2671 ed
1455 2650 1618 2673 adattamento
1632 2651 1758 2673 necessarii
1772 2651 1818 2673 alla
1833 2651 1991 2674 collocatione
2005 2651 2028 2673 in
2042 2656 2097 2674 essa
2120 2651 2180 2674 dene
2195 2650 2295 2679 reliquie
2355 2647 2390 2686 ,θ’

475 2691 511 2712 tra
526 2690 540 2711 il
555 2691 682 2713 settembre
697 2691 734 2713 del
751 2692 803 2714 1399
817 2692 846 2714 ed
860 2692 875 2714 il
890 2693 990 2719 gennaio
1004 2694 1126 2720 seguente,
1141 2693 1226 2720 perche
1240 2694 1263 2715 in
1273 2699 1328 2716 esso
1338 2694 1358 2716 si
1413 2694 1436 2716 dl
1450 2694 1474 2716 S.
1489 2694 1613 2722 Agostiuo.
1628 2694 1677 2718 che
1690 2695 1768 2718 i'Arca
1782 2695 1843 2718 uella
1857 2701 1901 2718 sua
1915 2697 1983 2723 parte
1997 2695 2148 2723 sententiale,
2163 2701 2176 2718 e
2189 2701 2258 2718 come
2269 2695 2295 2718 111
2361 2707 2384 2740 s>
2398 2730 2402 2732 ἡ

476 2734 566 2756 ricorda
581 2735 602 2756 la
617 2735 674 2758 citta
689 2736 711 2757 di
727 2735 803 2763 Stena,
828 2737 870 2759 che
891 2743 965 2759 venne
980 2738 1002 2759 in
1018 2739 1100 2764 potere
1122 2738 1159 2760 del
1181 2739 1286 2761 visconti
1308 2739 1324 2760 l'
1334 2740 1355 2761 ll
1413 2739 1466 2766 oggi
1481 2740 1503 2761 la
1518 2739 1635 2767 vedlamo,
1649 2739 1715 2762 tosse
1728 2740 1766 2762 nel
1781 2740 1834 2763 1³99
1847 2740 1913 2762 finita
1927 2740 1941 2762 ὲ
1955 2745 2012 2762 cosa
2033 2740 2173 2762 dimostratn
2187 2739 2226 2763 dal
2239 2739 2294 2763 doe.
2343 2746 2382 2773 ᾗ,

475 2779 603 2801 settembre
620 2779 678 2806 1399;
694 2786 706 2802 e
721 2786 767 2802 non
781 2781 801 2803 si
817 2781 882 2807 paria
897 2781 958 2803 della
973 2781 1030 2804 cirta
1052 2782 1074 2803 di
1091 2782 1199 2810 Perugia‚
1214 2783 1275 2805 della
1291 2783 1360 2810 quale
1415 2783 1452 2805 del
1469 2783 1493 2805 16
1506 2785 1592 2811 agusto
1609 2784 1668 2807 1392.
1682 2784 1741 2807 Vedi
1755 2785 1830 2807 anche
1843 2785 1859 2807 il
1874 2784 1926 2807 doc.
1942 2785 1979 2807 del
1993 2785 2021 2807 m
2034 2785 2129 2807 ottoni-e
2145 2784 2204 2807 1⁴02

478 2821 536 2843 Gian
546 2822 662 2846 Galeazzo
673 2829 741 2850 prese
752 2830 866 2851 possesso
876 2826 912 2847 nel
923 2827 1022 2852 gennaio
1033 2826 1070 2848 del
1082 2827 1142 2853 1400,
1153 2832 1165 2848 e
1175 2827 1197 2848 di
1209 2827 1245 2849 cui
1255 2828 1358 2849 avrebbe
1469 2829 1498 2854 (3)
1513 2828 1556 2850 Del
1570 2829 1680 2856 sepolcro
1694 2829 1717 2851 dl
1732 2828 1850 2852 Galeazzo
1864 2829 1969 2851 visconti
1984 2834 2030 2851 non
2045 2829 2130 2851 rimase
2150 2829 2235 2852 alcum
2247 2833 2296 2852 ne-
2336 2823 2369 2851 ’.ζ’

480 2866 570 2888 dovuto
585 2868 676 2893 pariare
689 2874 731 2895 per
746 2875 889 2896 assegnarne
904 2870 918 2891 il
934 2870 1037 2892 dominio
1051 2871 1073 2892 ai
1089 2871 1136 2898 tigli
1152 2871 1223 2893 eredi.
1405 2873 1487 2900 moria,
1503 2879 1541 2895 ma
1555 2879 1601 2895 uon
1622 2873 1708 2896 rimase
1730 2873 1842 2896 memoria
1863 2879 1970 2901 neppure
1990 2873 2013 2895 di
2035 2875 2123 2900 questo
2143 2874 2227 2896 voluto
2246 2874 2296 2896 tn-
2343 2874 2367 2888 ⁴

530 2911 561 2936 (2)
575 2911 664 2937 Questa
680 2914 760 2939 parola
775 2915 922 2941 compleatur
936 2914 959 2936 tu
974 2915 1012 2942 gia
1026 2916 1144 2938 avvertito
1155 2916 1250 2939 riterlrsl
1261 2917 1282 2939 al
1293 2922 1360 2939 coro·
1413 2918 1498 2944 sporto
1512 2917 1573 2940 dalla
1589 2918 1684 2940 basilica
1699 2919 1780 2940 nostra
1794 2923 1808 2940 a
1823 2917 1920 2940 milano.
