2496 3600
531 253 595 287 168

526 398 672 432 sumque
697 389 872 424 Stefanum
897 390 989 424 dicto
1014 391 1149 423 nomine
1174 393 1207 424 et
1237 399 1296 432 per
1332 391 1444 432 ipsum
1469 390 1582 424 dictos
1605 390 1764 424 dominos
1788 391 1946 425 abbatem
1971 394 2004 426 et
2027 393 2213 427 canonicos
2237 401 2351 429 carere

525 452 651 486 debere
675 453 766 486 omni
792 453 938 486 comodo
963 453 1043 486 dicti
1063 452 1244 494 privillegii
1270 451 1405 494 papalis
1429 460 1468 484 ac
1485 452 1592 485 eciam
1617 452 1784 486 dictorum
1810 454 1986 495 pactorum
2011 456 2045 488 et
2068 455 2351 496 convencionum.
2386 447 2391 452 ⁶
2421 455 2426 463 ²

523 523 564 548 ac
589 515 698 548 eciam
735 515 996 557 condempnetis
1021 523 1060 548 ac
1097 514 1384 556 condempnatum
1411 514 1571 547 omnibus
1596 514 1679 547 iuris
1704 515 1862 548 remediis
1887 516 2102 558 compellatis
2124 517 2251 552 dictum
2281 517 2353 551 sin-
2408 542 2411 546 .

524 577 638 610 dicum
663 580 696 611 et
721 587 781 620 per
806 578 918 620 ipsum
943 578 1055 610 dictos
1080 577 1239 610 dominos
1263 577 1422 610 abbatem
1448 578 1480 610 et
1505 577 1691 610 canonicos
1716 577 1759 610 ad
1786 578 2032 612 restituendum
2067 579 2177 613 eidem
2211 579 2352 615 Iohanni

523 639 617 672 dicto
642 640 777 672 nomine
802 642 834 672 et
859 648 920 681 per
945 640 1056 680 ipsum
1082 639 1184 671 dictis
1220 638 1322 680 priori
1352 639 1385 672 et
1412 638 1573 671 fratribus
1597 638 1762 672 funeralia
1786 642 1819 672 et
1843 639 2042 674 oblaciones
2067 650 2128 684 per
2151 641 2264 684 ipsum
2288 641 2352 676 do-
2395 647 2402 654 ·’

525 702 652 735 minum
678 703 836 735 abbatem
862 704 894 734 et
920 701 1106 734 canonicos
1130 701 1280 734 indebite
1305 703 1423 743 arepta
1447 703 1479 734 et
1503 703 1652 743 areptos,
1676 702 1719 735 de
1736 702 1865 744 quibus
1881 703 1913 735 in
1931 711 2096 745 processu
2113 712 2227 738 coram
2249 704 2350 740 vobis

525 765 763 803 verificabitur,
790 773 856 796 una
881 773 957 796 cum
984 764 1150 805 expensis
1173 763 1273 796 factis
1298 765 1331 796 et
1355 763 1489 803 fiendis,
1514 763 1557 796 de
1581 763 1709 806 quibus
1738 766 1955 806 protestatur,
1979 774 2020 798 ac
2045 766 2152 800 eciam
2188 766 2351 801 condem·

523 828 636 869 pnetis
662 836 701 859 ac
726 826 1015 867 condempnatum
1040 826 1201 858 omnibus
1226 826 1308 859 iuris
1334 825 1493 859 remediis
1517 826 1732 868 compellatis
1756 835 1817 868 per
1833 835 2011 860 censuram
2025 827 2272 862 ecclesiaticam
2298 829 2351 872 ip—
2386 826 2404 861 2'

523 898 598 922 sum
623 888 799 922 Stefanum
825 890 857 921 et
882 897 943 930 per
967 888 1079 930 ipsum
1104 888 1216 921 dictos
1241 888 1415 920 dominum
1440 888 1599 921 abbatem
1625 890 1658 921 et
1681 889 1867 922 canonicos
1890 889 1934 922 ad
1960 889 2175 924 vendendum
2200 892 2234 924 et
2257 891 2350 925 trad-
2386 884 2394 926 3„

521 952 671 984 dendum
697 951 825 983 eisdem
851 950 954 992 priori
979 952 1012 983 et
1036 950 1197 983 fratribus
1222 951 1386 990 sedimen,
1411 950 1453 983 de
1477 959 1547 992 quo
1571 959 1676 992 supra
1700 951 1737 984 fit
1762 951 1904 991 mencio,
1930 951 1962 984 in
1988 954 2151 994 quantum
2185 955 2351 996 appareat
2400 976 2406 992 ,-

522 1015 619 1055 ipsos
637 1014 781 1055 priorem
800 1015 833 1046 et
849 1013 968 1046 fratres
994 1013 1106 1055 ipsum
1131 1013 1283 1046 sedimen
1309 1015 1432 1052 tenere,
1458 1014 1490 1046 et
1514 1013 1745 1055 quodcunque
1768 1013 1860 1046 aliud
1886 1014 2050 1054 sedimen,
2075 1015 2167 1058 quod
2194 1015 2349 1051 verifica-
2386 1007 2405 1054 s

521 1079 591 1109 tum
617 1076 716 1109 fuerit
741 1085 801 1109 seu
828 1076 1059 1108 verificabitur
1083 1076 1116 1108 in
1142 1084 1319 1118 processu,
1345 1076 1441 1117 ipsos
1465 1075 1586 1108 fratres
1609 1077 1723 1109 tenere
1747 1085 1810 1118 pro
1826 1077 1916 1109 iusto
1934 1077 2049 1118 precio
2066 1078 2257 1120 secundum
2280 1078 2350 1113 for·

521 1148 609 1171 mam
634 1140 666 1171 et
690 1140 840 1171 tenorem
865 1138 946 1171 dicti
972 1138 1153 1180 privillegii
1179 1138 1325 1180 papalis.
1351 1137 1391 1170 Et
1416 1137 1567 1180 predicta
1592 1138 1675 1180 petit
1700 1147 1760 1180 per
1784 1147 1847 1171 vos
1871 1139 1942 1172 fieri
1967 1141 2000 1172 et
2025 1140 2218 1175 executioni
2253 1149 2350 1175 man·

520 1202 593 1233 dari
619 1201 743 1234 debere
768 1202 858 1233 omni
885 1201 967 1240 iure,
993 1201 1094 1233 modo
1119 1203 1151 1234 et
1175 1200 1284 1234 forma
1308 1201 1435 1242 quibus
1475 1200 1596 1233 melius
1631 1201 1701 1233 fieri
1739 1201 1860 1242 possit,
1896 1201 2073 1235 deducens
2107 1203 2140 1235 et
2178 1202 2349 1238 deducere
2393 1186 2397 1233 s

521 1264 642 1296 volens
660 1266 692 1296 et
717 1263 898 1296 intendens
920 1272 1022 1296 omne
1047 1264 1100 1296 ius
1125 1263 1235 1296 eidem
1261 1263 1352 1296 dicto
1377 1263 1513 1296 nomine
1537 1265 1735 1304 competens
1759 1265 1791 1296 et
1808 1263 2069 1305 competiturum
2095 1264 2347 1308 undecumque,

519 1327 832 1368 quomodocunque
858 1328 890 1359 et
915 1326 1197 1368 qualitercunque
1223 1325 1321 1359 salvo
1346 1326 1417 1358 iure
1442 1327 1504 1358 etc.
1530 1328 1563 1358 et
1588 1325 1666 1358 inde
1691 1326 1765 1358 etc..
2380 1316 2404 1327 ”

609 1450 676 1490 Qui
713 1451 862 1484 vidimus
887 1453 919 1484 et
944 1451 1217 1484 examinavimus
1253 1450 1458 1494 dillligenter
1493 1449 1750 1492 delegacionem
1775 1452 1807 1483 et
1831 1452 2034 1492 potestatem
2071 1451 2172 1484 nobis
2206 1450 2287 1485 olim
2325 1446 2410 1491 a'f

519 1513 607 1548 Sede
631 1515 822 1556 apostolica
847 1517 879 1547 et
905 1523 994 1546 nunc
1021 1523 1082 1555 per
1107 1513 1272 1555 prefatum
1310 1513 1533 1546 reverendum
1559 1513 1592 1544 in
1618 1511 1756 1546 Christo
1793 1515 1921 1554 patrem
1959 1513 2134 1546 dominum
2169 1513 2345 1548 dominum
2384 1511 2402 1550 ζ’

517 1577 652 1610 fratrem
678 1576 814 1610 Petrum
840 1576 1050 1618 EpiScopum
1076 1576 1314 1608 novariensem
1354 1577 1629 1608 conservatorem
1666 1577 1699 1608 et
1733 1575 1927 1618 delegatum
1963 1575 2191 1618 apostolicum
2226 1584 2350 1619 supra-

521 1641 685 1682 scripturn
710 1640 888 1678 atributas,
913 1648 1045 1672 necnon
1071 1639 1262 1680 peticiones
1287 1637 1586 1671 convencionalles
1611 1639 1644 1670 et
1672 1638 2012 1672 reconvencionalles
2048 1645 2163 1672 coram
2187 1638 2290 1673 nobis
2312 1640 2352 1672 et
2379 1622 2401 1656 ’Ῑ

517 1712 631 1736 coram
657 1703 810 1744 predicto
835 1702 964 1735 vicario
989 1704 1021 1734 et
1046 1701 1272 1743 subdelegato
1297 1702 1414 1734 nostro
1439 1709 1500 1742 per
1523 1700 1633 1733 dictas
1658 1702 1774 1742 partes
1797 1692 1859 1733 seu
1885 1709 2002 1734 eorum
2033 1701 2188 1734 sindicos
2211 1702 2245 1735 et
2267 1709 2348 1744 pro-

519 1766 695 1798 curatores
720 1774 836 1797 eorum
855 1764 1049 1797 sindicariis
1066 1766 1098 1796 et
1112 1763 1355 1805 procuratoriis
1381 1763 1577 1796 nominibus
1603 1763 1848 1804 suprascriptis
1873 1764 2027 1796 tenorum
2052 1763 2213 1806 superius
2236 1771 2346 1807 appo-
2383 1786 2395 1808 3

516 1829 658 1861 sitorum
684 1827 870 1869 productas
895 1828 928 1859 et
952 1827 1065 1859 omnia
1091 1827 1123 1858 in
1149 1826 1199 1859 eis
1224 1827 1394 1859 contenta.
1420 1824 1557 1867 Quique
1598 1825 1748 1858 vidimus
1780 1827 1812 1858 et
1847 1826 2121 1859 examinavimus
2155 1825 2348 1869 dilligenter

516 1891 665 1932 capitula
690 1899 750 1923 seu
791 1890 953 1923 articulos
979 1890 1012 1922 in
1037 1890 1152 1922 causis
1181 1889 1268 1931 ipsis
1304 1889 1575 1922 convencionum
1601 1890 1633 1921 et
1658 1889 1968 1922 reconvencionum
1993 1890 2026 1922 et
2049 1897 2162 1922 coram
2187 1889 2291 1923 nobis
2311 1889 2347 1923 et

515 1954 607 1987 dicto
633 1953 860 1995 subdelegato
885 1955 1002 1986 nostro
1027 1953 1195 1994 producta
1219 1954 1252 1985 et
1276 1953 1465 1994 productos
1490 1961 1551 1993 per
1575 1953 1691 1994 partes
1715 1951 1854 1984 easdem
1879 1960 1941 1984 seu
1966 1961 2082 1984 eorum
2121 1951 2277 1986 sindicos
2309 1953 2345 1986 et
2382 1944 2401 1950 '⁴

516 2019 755 2059 procuratores
779 2026 895 2050 eorum
921 2017 1128 2056 nominibus,
1154 2025 1286 2048 necnon
1311 2017 1428 2055 testes,
1452 2015 1692 2054 atestaciones,
1717 2015 1808 2048 dicta
1825 2016 1858 2048 et
1874 2015 2118 2057 deposiciones
2149 2015 2286 2048 testium
2309 2015 2344 2048 in
2388 2005 2406 2046 s.

516 2081 632 2113 causis
659 2081 745 2121 ipsis
770 2080 1014 2121 productorum
1040 2088 1102 2120 per
1126 2081 1241 2120 partes
1278 2079 1432 2118 easdem,
1457 2080 1490 2111 et
1515 2079 1728 2120 receptorum
1753 2079 1786 2111 et
1810 2078 2092 2111 examinatorum.
2405 2061 2411 2069 „

606 2161 685 2193 Item
712 2160 927 2202 infrascripta
953 2161 1025 2193 iura
1050 2161 1083 2193 et
1110 2161 1332 2193 instrumenta
1357 2160 1389 2191 in
1418 2159 1534 2192 causis
1571 2159 1657 2200 ipsis
1693 2158 1847 2191 exhibita
1882 2160 1914 2191 et
1949 2158 2116 2200 producta
2150 2166 2214 2200 pro
2249 2159 2344 2200 parte

514 2224 682 2256 dictorum
708 2223 835 2255 domini
862 2223 1009 2262 abbatis,
1035 2224 1278 2256 canonicorum
1304 2224 1335 2254 et
1360 2223 1551 2254 conventus
1576 2221 1685 2253 sancti
1715 2219 1804 2253 Petri
1842 2221 1875 2254 in
1912 2220 1999 2253 cello
2033 2229 2148 2260 aureo,
2184 2216 2344 2254 videlicet
2380 2208 2426 2271 '5'

515 2287 624 2328 primo
650 2286 777 2319 litteras
802 2286 1013 2327 apostolicas
1038 2286 1148 2318 felicis
1174 2285 1335 2318 memorie
1372 2283 1579 2317 sanctissimi
1605 2283 1638 2315 in
1664 2281 1803 2316 Christo
1839 2283 1946 2325 patris
1982 2285 2015 2316 et
2050 2283 2179 2316 domini
2214 2282 2343 2316 domini
2383 2292 2406 2307 ;

515 2349 675 2382 lohannis
700 2349 817 2382 divina
842 2349 1066 2390 providencia
1090 2358 1180 2390 pape
1206 2348 1363 2390 vigesimi
1389 2347 1531 2380 secundi
1557 2346 1632 2379 eius
1657 2345 1817 2387 pomblea
1836 2346 1929 2379 bulla
1946 2346 1979 2378 in
1996 2345 2063 2379 filis
2079 2346 2203 2388 syricis
2219 2345 2344 2388 gialdis
2386 2331 2405 2378 ,ζ’

516 2414 548 2445 et
573 2412 688 2444 rubeis
713 2421 805 2444 more
832 2421 970 2444 romane
996 2412 1088 2444 curie
1114 2411 1272 2450 bullatas,
1299 2419 1365 2442 non
1391 2410 1548 2448 abolitas,
1575 2418 1642 2441 non
1668 2409 1823 2448 viciatas,
1849 2417 1916 2441 non
1941 2410 2105 2450 comptas
2137 2417 2200 2441 nec
2225 2408 2258 2440 in
2282 2407 2345 2442 ali-
2379 2417 2394 2452 'J

515 2484 583 2516 qua
608 2475 660 2508 sui
686 2477 780 2516 parte
806 2476 998 2516 suspectas,
1013 2474 1073 2506 sed
1099 2482 1202 2506 sanas
1227 2475 1260 2506 et
1285 2473 1434 2514 integras
1458 2474 1490 2505 et
1514 2472 1604 2504 omni
1630 2480 1772 2513 prorsus
1797 2471 1888 2504 vicio
1904 2473 1936 2504 et
1953 2471 2151 2513 suspicione
2176 2470 2343 2510 carentes,

515 2538 613 2570 datas
638 2536 807 2570 Avinione
832 2537 1066 2570 tertiodecimo
1092 2536 1257 2568 kalendas
1281 2535 1453 2574 februarii,
1478 2534 1698 2576 pontificatus
1721 2534 1876 2567 eiusdem
1901 2533 2028 2566 domini
2054 2541 2143 2575 pape
2167 2541 2258 2566 anno
2281 2541 2344 2566 un·-

515 2600 659 2640 decimo,
686 2601 718 2632 in
745 2600 866 2633 effectu
892 2600 1069 2632 centinens
1094 2599 1354 2631 concessionem
1380 2607 1441 2639 per
1465 2598 1591 2630 dictum
1617 2597 1792 2629 dominum
1826 2605 1950 2638 papam
1987 2595 2089 2637 priori
2125 2594 2275 2638 generali
2310 2596 2344 2628 et

514 2663 675 2696 fratribus
701 2663 919 2696 heremitanis
944 2663 1074 2695 ordinis
1099 2662 1208 2694 sancti
1234 2661 1416 2703 Augustini
1442 2660 1566 2693 factam
1592 2659 1757 2702 possendi
1783 2659 1936 2692 habitare
1960 2658 2052 2700 apud
2070 2657 2250 2691 ecclesiam
2266 2666 2347 2700 pre-

515 2727 596 2759 dicti
622 2726 817 2758 monasterii
844 2726 952 2758 sancti
979 2725 1068 2758 Petri
1095 2725 1127 2757 in
1153 2724 1240 2757 cello
1265 2733 1369 2756 aureo
1394 2723 1583 2765 papiensis,
1608 2724 1641 2755 et
1666 2722 1792 2755 ibibem
1818 2722 1943 2755 habere
1968 2723 2001 2754 et
2025 2723 2138 2753 tenere
2167 2719 2343 2762 perpetuis
2378 2710 2387 2753 J·

516 2790 728 2830 temporibus
753 2789 874 2822 fratres
900 2789 1054 2822 eiusdem
1080 2788 1211 2820 ordinis
1248 2787 1496 2825 heremitarum,
1533 2786 1660 2827 quibus
1695 2785 1802 2827 presit
1826 2785 1917 2826 prior
1942 2784 1995 2817 vel
2021 2784 2188 2825 superior,
2212 2782 2256 2816 ad
2280 2791 2344 2816 nu-
2383 2798 2394 2815 ;

517 2861 643 2884 merum
670 2853 873 2895 vigesimum
899 2852 1054 2893 quintum
1081 2851 1133 2883 vel
1158 2850 1367 2883 tricesimum
1392 2849 1435 2882 ad
1461 2849 1574 2882 minus
1598 2848 1663 2881 sub
1699 2848 1796 2887 actis,
1832 2847 1943 2880 modis
1967 2848 2000 2879 et
2023 2845 2141 2878 formis
2165 2846 2198 2878 in
2223 2844 2343 2879 litteris
2389 2844 2402 2888 ’;,

518 2915 602 2955 ipsis
627 2915 791 2947 seriosius
817 2915 1011 2956 expresatis
1036 2911 1098 2955 (1).
2382 2895 2401 2903 Ὗ

608 2977 687 3009 Item
714 2978 973 3010 instrumentum
1000 2985 1103 3009 unum
1129 2975 1373 3014 ratificationis,
1398 2973 1659 3016 approbationis
1683 2974 1715 3005 et
1740 2971 2006 3005 confirmationis
2031 2972 2207 3012 pactorum
2244 2969 2344 3002 inito—
2371 2968 2386 2979 ’“

575 3154 606 3180 (l)
620 3153 677 3176 Vedi
693 3153 745 3175 doc.
761 3158 783 3174 n.
799 3152 846 3174 vn.
