2496 3600
485 228 525 262 14

478 363 582 396 nostri
615 364 805 397 redundant
830 364 862 397 in
888 364 1033 403 laudem,
1058 372 1158 405 quem
1184 365 1216 396 et
1241 363 1379 396 laudare
1405 364 1437 396 et
1461 362 1627 398 honorare
1652 363 1732 396 dum
1758 363 1921 404 viverent,
1946 364 2050 398 veluti
2076 365 2186 408 ipsius
2209 375 2304 400 man-

477 426 578 467 cipati
604 426 792 467 obsequiis,
818 426 1001 459 indefessis
1026 425 1196 468 preconiis
1222 434 1289 457 non
1315 426 1501 457 cessarunt.
1527 423 1711 467 Propterea
1736 424 1917 460 Psalmista
1941 427 2138 461 hortabatur
2160 437 2237 461 cum
2254 428 2306 461 di-

477 490 585 520 ceret:
611 487 759 520 Laudare
783 488 962 521 Dominam
987 488 1019 520 in
1044 486 1176 521 Sanctis
1199 487 1279 519 efus.
1306 486 1477 519 Laudatur
1500 487 1588 519 enim
1614 485 1782 520 Dominus
1806 488 1863 530 qui
1888 491 2028 522 sanctos
2051 488 2148 530 fecit,
2172 498 2302 533 eosque

476 551 510 582 ut
536 549 761 589 laudarentur,
788 550 889 581 immo
915 552 949 582 ut
974 550 1085 590 ipsum
1112 549 1143 581 in
1170 548 1322 581 seculum
1348 548 1454 581 seculi
1479 548 1722 589 collaudarent,
1747 549 1900 590 instituit,
1925 559 2001 584 cum
2042 550 2143 584 iidem
2169 551 2201 584 in
2226 561 2303 586 eum

475 614 507 644 et
532 613 669 653 propter
692 620 768 644 eum
794 611 906 653 dignis
932 611 1101 652 preconiis
1126 610 1318 643 attoluntur.
1345 609 1430 643 Vere
1456 611 1571 652 utique
1597 611 1651 644 isti
1676 611 1784 644 sancti
1802 614 1881 645 sunt
1898 622 1976 646 vere
1994 611 2161 647 Doctores
2186 613 2303 648 Eccle-

474 674 534 713 sie,
560 672 746 715 Gregorius
771 673 911 712 scilicet,
937 672 1150 712 Ambrosius,
1175 671 1388 715 Augustinus
1413 675 1514 715 atque
1540 672 1735 713 leronimus,
1760 683 1903 716 quorum
1927 675 2081 709 doctrina
2106 675 2302 710 informatur

475 735 638 774 Ecclesia,
664 745 806 777 quorum
833 736 900 767 vita
926 743 1036 767 mores
1063 734 1243 767 salubriter
1267 734 1496 775 informantur,
1523 737 1557 768 ut
1581 735 1624 768 de
1649 736 1734 777 ipsis
1759 737 1921 778 scriptum
1946 746 2023 771 esse
2049 738 2253 781 intelligatur
2268 740 2302 773 et

475 798 602 830 merito:
631 797 699 838 Qui
714 797 833 839 fecerit
856 799 888 829 et
910 797 1063 834 docuerit,
1089 796 1142 829 liic
1165 805 1310 839 magnus
1345 797 1517 830 vocabitur
1537 798 1569 831 in
1593 806 1696 840 regno
1731 798 1886 838 celoram;
1910 801 1943 832 et
1967 799 2060 833 illud:
2099 799 2168 842 Qui
2199 801 2301 835 eluci-

473 860 555 892 dant
577 869 636 897 me,
665 860 764 892 vItam
789 861 931 892 eternam
956 858 1131 891 habebunt.
1158 858 1223 892 Per
1247 859 1310 892 hos
1335 860 1424 892 enim
1450 861 1595 901 quatuor
1619 859 1786 894 Doctores
1811 861 1978 904 egregios,
2003 862 2102 904 quasi
2119 871 2181 905 per
2196 871 2302 906 quos—

473 922 550 954 dam
576 922 712 954 celestis
738 921 937 954 eruditionis
963 921 1222 962 limpidissimos
1247 921 1376 954 rivulos
1408 922 1513 954 divini
1539 922 1676 964 eloquii,
1712 923 1791 956 novi
1828 923 1958 957 scilicet
1982 926 2015 957 et
2039 925 2164 958 veteris
2198 927 2303 959 testa-

473 985 585 1023 menti,
610 984 782 1025 totiusque
808 983 973 1016 catholice
998 983 1076 1016 fidei
1102 983 1268 1017 firmitatis
1293 993 1312 1017 a
1337 983 1428 1017 fonte
1454 985 1631 1026 sapientie,
1645 985 1737 1027 quod
1763 987 1815 1018 est
1840 986 1980 1019 verbum
2005 985 2068 1020 Dei
2094 987 2126 1020 in
2151 987 2305 1022 excelsis

473 1047 550 1086 post
575 1045 898 1087 gloriosissimorum
923 1047 1035 1078 tamen
1061 1044 1302 1087 Apostolorum
1328 1048 1360 1079 et
1386 1046 1679 1089 Evangelistarum
1705 1047 1945 1081 instructiones
1970 1049 2125 1082 vivificas
2149 1051 2182 1083 et
2205 1050 2299 1092 ipso-

473 1117 543 1139 rum
569 1110 701 1140 sacrata
727 1107 909 1146 volumina,
927 1108 969 1140 ad
989 1116 1052 1140 nos
1077 1108 1229 1149 copiosa,
1254 1109 1356 1141 immo
1381 1109 1559 1148 uberrima,
1572 1109 1697 1142 fluenta
1722 1109 1914 1150 decurrunt,
1931 1120 2007 1144 cum
2025 1119 2086 1153 per
2105 1111 2300 1146 eorumdem

472 1168 655 1202 Doctorum
675 1170 779 1202 verba
797 1170 955 1202 melliflua
973 1168 1145 1211 scripture
1163 1169 1265 1204 Sacre
1282 1171 1429 1213 fideique
1447 1171 1613 1204 catholice
1632 1174 1822 1205 reserentur
1838 1173 1998 1213 misteria,
2014 1173 2204 1207 enodentur
2226 1174 2313 1217 api-c

470 1239 539 1270 ceS,
565 1232 726 1273 parabole
751 1234 898 1273 pateant,
924 1233 1163 1266 similitudines
1188 1233 1410 1266 innotescant.
1437 1233 1509 1266 Hoc
1534 1242 1650 1266 eorum
1674 1235 1840 1267 testantur
1863 1234 2018 1276 epistole,
2035 1243 2212 1270 sermones
2226 1236 2292 1271 hoc

471 1294 626 1333 edocent,
652 1294 726 1326 libri
752 1294 926 1328 efficacius
952 1296 984 1327 id
1010 1296 1252 1329 demonstrant.
1279 1295 1350 1328 Hos
1375 1296 1461 1328 inter
1485 1295 1726 1329 celeberrimus
1762 1296 1851 1329 idem
1881 1295 2038 1330 Pontifex
2074 1297 2300 1340 Augustinus,

470 1364 591 1397 magne
617 1356 754 1397 quidem
780 1357 990 1390 auctoritatis
1015 1360 1047 1390 et
1073 1358 1262 1390 sanctitatis
1287 1357 1413 1399 presul,
1450 1367 1570 1400 magne
1606 1358 1923 1399 circumspectionis
1947 1361 1980 1392 et
2004 1360 2212 1401 provisionis
2236 1369 2298 1402 pa-

470 1419 529 1456 ter,
555 1427 675 1459 magne
701 1419 939 1451 subventionis
964 1421 996 1452 et
1021 1420 1247 1452 miserationis
1280 1420 1432 1459 antistes,
1469 1419 1615 1452 dilectus
1651 1420 1766 1462 utique
1803 1419 1877 1453 Deo
1902 1423 1935 1454 et
1959 1421 2164 1462 hominibus,
2200 1422 2300 1456 cuius

473 1480 634 1512 memoria
660 1480 691 1512 in
719 1481 955 1514 benedictione
981 1484 1042 1521 est,
1069 1482 1171 1515 veluti
1209 1482 1378 1524 gemmula
1413 1481 1608 1515 carbonculi
1646 1482 1748 1524 ignite
1785 1483 1934 1516 caritatis
1958 1485 1991 1516 et
2014 1483 2147 1517 flamme
2172 1484 2205 1517 in
2229 1483 2301 1518 elo-

471 1542 607 1582 quentie
633 1544 665 1574 et
690 1543 856 1583 sapientie
881 1544 951 1575 auri
978 1546 1175 1576 ornamento
1201 1544 1310 1577 locata
1335 1544 1555 1586 resplenduit,
1580 1546 1613 1576 et
1637 1544 1729 1577 velut
1761 1544 1876 1586 aquila
1899 1545 2039 1587 grandis
2063 1546 2155 1579 venit
2179 1546 2222 1579 ad
2247 1545 2303 1580 Li-

471 1603 595 1635 banum
621 1606 653 1636 et
677 1604 751 1636 tulit
776 1605 957 1637 medullam
983 1606 1085 1645 cedri,
1104 1606 1183 1638 dum
1202 1615 1387 1648 aggressus
1405 1608 1457 1639 est
1474 1606 1672 1648 questiones
1697 1606 1881 1640 altissimas
1899 1609 1932 1639 et
1948 1607 2086 1640 easdem
2104 1607 2301 1650 profundis-

475 1665 579 1697 simas
605 1675 671 1698 non
697 1667 847 1707 expavit,
873 1667 1058 1708 quinimmo
1084 1668 1116 1700 in
1141 1668 1191 1700 eis
1217 1668 1373 1701 vitiorum
1399 1669 1508 1710 spinis
1532 1668 1710 1708 abscissis,
1735 1668 1923 1710 profligatis
1948 1669 2146 1710 heresibus,
2170 1678 2308 1704 earum·

471 1736 536 1768 que
574 1728 746 1760 radicibus
771 1729 967 1770 extirpatis,
1004 1730 1170 1763 catholice
1195 1730 1273 1763 fidei
1299 1730 1474 1763 veritatem
1506 1730 1668 1772 produxit
1693 1731 1726 1762 in
1744 1730 1876 1776 lucem,
1905 1731 2024 1764 eduxit
2049 1731 2081 1764 in
2106 1731 2300 1774 publicum,

469 1789 574 1821 firmis
598 1799 637 1822 ac
664 1790 799 1823 invictis
825 1791 1013 1824 rationibus
1038 1791 1210 1832 solidavit,
1236 1794 1271 1825 ut
1296 1792 1386 1825 illius
1400 1792 1603 1825 suavitatem
1628 1792 1831 1832 dulcedinis,
1849 1801 1889 1826 ac
1907 1793 1935 1826 si
1954 1793 2135 1827 medullam
2153 1793 2245 1827 cedri
2262 1794 2296 1828 in

471 1851 706 1885 holocaustum
732 1853 846 1886 divine
872 1854 1058 1887 maiestatis
1083 1863 1274 1894 assumens,
1299 1855 1342 1887 ad
1368 1854 1583 1887 refectionem
1608 1855 1712 1888 totius
1737 1855 1910 1888 militantis
1923 1855 2076 1888 Ecclesie
2092 1856 2298 1898 propinaret.

469 1912 573 1947 Grata
598 1915 713 1956 utique
738 1915 812 1948 Deo
837 1917 910 1948 eius
935 1916 1073 1956 oblatio,
1098 1919 1275 1959 acceptum
1302 1917 1411 1959 ipsius
1435 1918 1650 1958 sacrificium,
1664 1918 1764 1950 nobis
1781 1917 1996 1950 utilissimum
2014 1918 2106 1960 quod
2124 1918 2299 1961 impendit,

469 1979 636 2017 quatenus
662 1977 703 2010 de
730 1978 805 2019 ipso
831 1988 897 2010 non
923 1979 1122 2018 dubitative,
1148 1980 1208 2012 sed
1234 1980 1433 2022 admirative
1474 1981 1506 2012 et
1534 1979 1804 2012 commendative
1840 1979 2016 2013 dicamus:
2052 1980 2225 2023 Numquid
2250 1981 2306 2014 in-

469 2048 609 2081 gressus
634 2049 672 2072 es
697 2036 865 2081 profu'nda
890 2042 991 2074 maris
1016 2044 1048 2074 et
1074 2042 1105 2074 in
1131 2042 1329 2075 novissimis
1353 2042 1470 2084 abyssi
1488 2042 1691 2075 ambulasti?
1708 2042 1881 2084 Numquid
1898 2044 2014 2084 aperte
2031 2045 2110 2076 sunt
2125 2043 2186 2076 tibi
2202 2045 2299 2086 porte

473 2102 589 2134 mortis
607 2104 638 2135 et
653 2103 764 2135 hostia
777 2104 958 2136 tenebrosa
973 2104 1116 2136 vidisti?
1135 2104 1245 2137 Habet
1259 2113 1339 2146 ergo
1353 2105 1478 2137 exinde
1492 2105 1581 2137 unde
1592 2105 1847 2137 commendetur
1863 2103 2076 2147 Augustinus
2089 2114 2132 2138 ex
2146 2105 2305 2146 scientia,

469 2165 723 2197 commendetur
732 2174 774 2197 ex
790 2165 915 2205 labore,
930 2166 1084 2199 laudetur
1098 2175 1140 2199 ex
1152 2167 1346 2207 intentione,
1357 2167 1538 2200 extollatur
1550 2176 1593 2200 ex
1607 2167 1686 2200 vita.
1700 2166 1786 2199 Nam
1796 2176 1872 2200 cum
1883 2167 2020 2200 vivendi
2031 2176 2180 2200 normam
2190 2176 2287 2202 sacre

469 2225 656 2268 Religionis
681 2228 905 2268 prescriberet
930 2227 1048 2261 Presul
1075 2229 1174 2268 idem,
1199 2229 1306 2262 forma
1330 2230 1444 2272 gregis
1457 2229 1567 2262 factus
1585 2238 1628 2262 ex
1646 2229 1769 2269 animo,
1783 2238 1824 2262 ne
1838 2229 1918 2262 dum
1931 2229 2007 2262 aliis
2021 2230 2210 2271 predicaret
2222 2231 2298 2273 ipse

470 2290 636 2330 reprobus
661 2290 859 2330 efficeretur,
885 2291 1038 2324 eamdem
1065 2292 1096 2323 in
1123 2301 1159 2324 se
1178 2301 1244 2324 non
1270 2292 1382 2325 minus
1406 2301 1542 2325 servare
1567 2301 1669 2334 quam
1694 2292 1783 2325 alliis
1800 2292 1965 2334 imperare
1981 2289 2044 2333 (l),
2062 2293 2248 2334 quinimmo
2264 2294 2299 2327 et

470 2351 515 2383 illi
541 2360 785 2394 supererogare
811 2354 943 2395 sategit,
970 2356 1004 2386 ut
1029 2354 1166 2386 diceret:
1193 2353 1331 2387 Caritati
1358 2356 1469 2387 vestre
1495 2354 1536 2387 de
1559 2355 1762 2396 nobisipsis
1779 2363 1890 2387 sermo
1911 2355 2107 2388 reddendus
2134 2356 2196 2388 est.
2225 2355 2297 2389 Hec

470 2414 549 2445 dum
575 2423 648 2453 nos,
667 2415 723 2456 qui
743 2415 820 2447 licet
846 2416 1012 2455 immeriti,
1039 2416 1133 2449 vices
1159 2415 1221 2449 Dei
1247 2419 1280 2449 et
1304 2416 1439 2449 Domini
1466 2417 1570 2450 nostri
1596 2416 1671 2449 lesu
1696 2415 1822 2450 Christi
1846 2418 2001 2450 tenemus
2026 2417 2058 2449 in
2083 2417 2195 2457 terris,
2223 2417 2300 2460 qui-

471 2476 603 2517 busque
629 2477 732 2509 totius
757 2478 869 2519 gregis
895 2478 1053 2511 dominici
1080 2488 1160 2511 cura
1184 2479 1228 2511 ab
1253 2479 1330 2520 ipso
1355 2478 1501 2512 Domino
1527 2479 1559 2511 in
1584 2488 1731 2521 persona
1756 2478 1850 2512 Beati
1880 2478 1969 2512 Petri
2002 2478 2170 2522 Principis
2205 2479 2300 2522 Apo-

472 2538 645 2578 stolorum,
671 2540 769 2572 cuius
794 2549 976 2573 successor
1000 2541 1190 2580 existimus,
1215 2542 1398 2574 commissa
1423 2544 1485 2581 est,
1503 2542 1559 2584 pia
1576 2542 1758 2574 devotione
1787 2542 1968 2575 recolimus
1995 2544 2028 2575 et
2044 2542 2213 2584 profunda
2230 2551 2300 2577 me-

471 2601 632 2634 ditatione
659 2611 854 2644 pensamus,
880 2604 1019 2646 dignum
1044 2605 1244 2636 arbitramur
1269 2606 1302 2637 et
1326 2613 1523 2646 congruum,
1549 2606 1584 2637 ut
1602 2605 1658 2637 ubi
1675 2605 1758 2637 tanti
1771 2603 1930 2638 Doctoris
1947 2614 2073 2646 corpus
2090 2607 2123 2638 et
2147 2604 2299 2639 Presulis

471 2664 669 2697 tumulatum
694 2666 870 2706 quiescere
895 2666 1018 2699 dicitur
1041 2664 1103 2707 (2),
1129 2667 1173 2699 ibi
1201 2667 1286 2700 ultra
1311 2667 1355 2706 id,
1380 2667 1472 2708 quod
1498 2667 1562 2700 sibi
1600 2667 1738 2700 honoris
1770 2669 1802 2700 et
1827 2667 1938 2700 laudis
1962 2667 2005 2700 ab
2031 2667 2214 2700 universali
2237 2676 2308 2701 ex·-

473 2727 605 2759 hibetur
629 2727 792 2768 Ecclesia,
818 2729 979 2771 singulari
1005 2729 1151 2771 quadam
1178 2730 1365 2762 reverentia
1389 2739 1408 2762 a
1433 2730 1532 2762 vobis
1557 2731 1589 2762 et
1614 2729 1786 2763 Fratribus
1814 2728 1953 2763 Ordinis
1988 2730 2102 2769 vestri,
2139 2730 2196 2771 qui
2231 2730 2301 2764 sub

529 2883 559 2909 (1)
574 2878 591 2906 Ε
606 2885 682 2907 chiara
697 2885 827 2907 l'allusione
841 2885 871 2907 ad
886 2886 1000 2913 Agostino
1015 2887 1050 2908 sia
1065 2892 1130 2909 corne
1147 2886 1270 2909 fondatore
1280 2892 1292 2908 e
1303 2886 1357 2914 legl—
1412 2887 1458 2913 poli
1473 2886 1495 2908 al
1510 2888 1621 2914 maestro,
1637 2887 1740 2908 membra
1754 2887 1776 2908 al
1790 2892 1851 2913 capo
1864 2892 1972 2913 vengono
1986 2886 2072 2908 riuniti.
2087 2886 2182 2913 Quanto
2195 2887 2240 2909 nlla
2259 2891 2294 2910 re-

476 2928 563 2950 slatore
579 2929 717 2956 monastico,
732 2930 767 2951 sia
782 2935 848 2951 corne
863 2931 979 2957 religioso,
1412 2931 1460 2953 alta
1474 2931 1561 2953 storica
1576 2931 1637 2953 della
1651 2931 1792 2953 traslazione
1807 2937 1820 2953 e
1833 2931 1955 2958 sepontum
1969 2931 2029 2953 delle
2043 2931 2140 2959 reliquie
2153 2931 2294 2959 d'AgostIno

530 2973 561 2998 (2)
577 2973 608 2995 La
623 2974 703 3000 parola
717 2974 806 2996 dictim
819 2980 865 2996 non
880 2975 908 2996 ha
924 2981 954 2996 un
977 2975 1109 3002 significato
1130 2976 1271 3002 dubitativo,
1292 2981 1359 2997 come
1413 2976 1435 2997 in
1449 2975 1474 2997 S.
1490 2975 1568 2997 Pietro
1582 2975 1605 2997 in
1615 2975 1665 2997 ciel
1674 2975 1755 3003 d’Oro,
1765 2977 1882 2997 avvenute
1891 2975 1928 2997 nel
1937 2975 1978 2997 m
1987 2981 2002 2998 ο
2011 2976 2144 3003 ali’incirca,
2154 2975 2293 2999 ricordiamo

477 3022 566 3044 appare
581 3017 641 3039 dalle
655 3018 735 3044 parole
749 3019 891 3046 successive,
906 3024 950 3041 con
965 3020 1001 3041 cui
1017 3020 1036 3041 si
1051 3020 1146 3042 afferma
1161 3020 1254 3042 doversi
1271 3026 1285 3042 a
1302 3020 1356 3047 quel
1411 3020 1426 3041 il
1441 3025 1513 3046 passo
1534 3019 1634 3041 classico
1648 3019 1671 3041 di
1687 3019 1774 3042 PAOLo
1798 3019 1916 3042 Ducouo
1939 3018 2032 3045 (morto
2055 3020 2116 3042 cirea
2130 3020 2145 3042 il
2159 3020 2229 3048 799),
2256 3019 2302 3043 De·

478 3066 546 3083 sacro
561 3061 639 3088 Corpo
654 3062 668 3083 il
683 3062 747 3084 culto
761 3062 783 3084 di
799 3064 861 3084 tutta
877 3063 899 3084 la
913 3062 1005 3090 chiesa,
1021 3069 1034 3085 e
1044 3064 1066 3085 in
1082 3064 1152 3086 modo
1162 3065 1264 3091 speciale
1279 3065 1356 3092 quello
1409 3065 1486 3092 gestis
1501 3064 1718 3092 Langobardorum,
1733 3064 1773 3086 lib.
1789 3064 1827 3091 Vl,
1841 3069 1893 3091 cap.
1907 3063 1942 3086 ⁴8.

478 3104 540 3132 degli
554 3105 707 3133 Agostiniani,
722 3106 765 3128 che
779 3112 845 3129 come
860 3107 906 3134 figli
921 3107 943 3128 al
959 3107 1039 3135 padre,
1056 3108 1141 3130 soldati
1156 3109 1178 3130 al
1197 3109 1265 3136 duce,
1288 3109 1362 3132 disoe-
