2496 3600
1971 198 2032 230 125

1014 404 1017 406 ξ
1033 430 1221 471 wa.

308 547 540 579 Testamenta
564 547 600 578 di
625 548 746 578 Ottino
771 549 951 587 Grapponi
975 549 1011 579 di
1036 549 1149 579 Pavia
1174 559 1195 580 a
1219 550 1342 580 favore
1373 550 1468 587 degli
1492 550 1688 580 Eremitani
1713 551 1749 580 di
1774 551 1991 588 Famagosta
2015 560 2034 581 e

166 636 171 642 ,
218 602 256 633 di
278 595 392 632 Pavia
409 598 475 643 (1).

818 698 971 730 1373,
996 699 1341 732 novembre,
1369 700 1422 725 4..

776 795 854 820 (Aren.
870 795 893 817 di
908 794 984 822 Stato,
999 795 1088 817 Milano
1102 806 1129 811 -
1143 795 1250 823 Pergam.
1265 795 1288 817 dl
1303 795 1327 818 S.
1342 795 1475 823 Agostino).

323 986 371 1104 I
454 935 488 1035 ¹N
511 1003 645 1035 nomine
669 1001 816 1042 Domini,
842 1001 959 1035 Amen.
985 1001 1109 1035 Otinus
1133 1002 1176 1035 de
1200 1001 1432 1044 Graponibus‚
1457 1003 1500 1036 de
1525 1002 1642 1045 Papia,
1673 1004 1846 1046 quondam
1861 1003 2032 1046 Philiponi

482 1073 588 1098 sanus
613 1073 673 1106 per
697 1063 759 1096 Dei
784 1064 924 1106 gratiam
949 1065 1059 1097 mente
1083 1065 1115 1097 et
1139 1064 1318 1105 intellectu,
1343 1062 1451 1106 (licet)
1465 1068 1576 1098 careat
1593 1075 1753 1108 corporea
1771 1067 1915 1099 sanitate
1932 1059 1964 1099 et
1981 1075 2038 1099 so-

487 1129 620 1171 spitate,
655 1127 776 1159 timens
811 1127 964 1159 divinum
1000 1126 1160 1159 iudicium
1193 1128 1290 1160 cuius
1314 1128 1461 1160 nescitur
1486 1129 1577 1168 hora,
1613 1129 1726 1161 testari
1763 1129 1904 1170 cupiens
1929 1138 1970 1162 ne
1994 1129 2038 1162 ab

219 1191 375 1224 intestato
399 1191 550 1230 decedat,
574 1190 617 1223 de
641 1198 678 1222 se
703 1189 871 1230 bonisque
896 1189 968 1221 suis
993 1198 1053 1231 per
1077 1198 1218 1230 presens
1242 1191 1509 1232 nuncupativum
1534 1192 1770 1223 testamentum
1802 1192 1876 1224 sine
1901 1192 2038 1233 scriptis

219 1253 387 1286 ordinavit
403 1255 435 1287 et
451 1253 624 1295 disposuit
640 1253 673 1285 in
691 1252 780 1284 hunc
797 1251 945 1284 modum.
971 1250 1084 1283 Primo
1109 1260 1255 1293 namque
1280 1261 1355 1284 cum
1380 1261 1456 1285 eum
1482 1253 1564 1285 mori
1590 1253 1767 1295 contigerit
1794 1253 1895 1296 elegit
1911 1263 2039 1296 corpus

219 1323 317 1350 suum
341 1316 488 1358 sepelliri
512 1316 595 1357 aput
618 1314 794 1348 ecclesiam
820 1313 970 1346 Fratrum
996 1313 1239 1346 Heremitarum
1264 1314 1306 1347 de
1332 1313 1570 1357 Famaugusta.
1588 1313 1652 1348 Cui
1670 1315 1811 1348 ecclesie
1828 1315 1953 1358 legavit
1977 1325 2039 1358 pro

219 1379 374 1421 exequiis
399 1378 564 1411 faciendis
589 1378 662 1410 suis
685 1376 833 1409 florenos
857 1376 974 1408 decem
999 1376 1071 1408 auri
1089 1377 1122 1408 et
1139 1376 1246 1409 voluit
1270 1385 1395 1418 corpus
1412 1385 1511 1409 suum
1529 1377 1701 1419 seppelliri
1720 1378 1752 1410 in
1771 1378 1828 1410 illo
1845 1378 1919 1411 loco
1937 1387 2036 1420 quem

223 1441 360 1484 elegerit
383 1441 544 1474 dominus
568 1440 668 1473 frater
692 1438 821 1472 Paulus
846 1438 950 1471 lector
973 1438 1052 1488 dicti
1078 1436 1288 1472 Conventus.
1326 1438 1405 1472 Item
1442 1439 1567 1482 legavit
1591 1449 1653 1481 pro
1678 1440 1794 1473 missis
1819 1441 1982 1474 canendis
2007 1443 2039 1474 et

219 1513 281 1547 pro
305 1504 446 1546 picturis
469 1503 592 1536 fiendis
616 1503 649 1535 in
673 1502 763 1535 dicta
787 1501 932 1535 ecclesia
957 1501 1039 1534 illud
1065 1501 1156 1543 quod
1182 1502 1344 1543 procedet
1368 1504 1400 1535 et
1424 1502 1543 1535 exierit
1559 1503 1601 1535 de
1617 1503 1796 1536 armaturis
1814 1503 2040 1545 infrascriptis

218 1566 395 1600 videlicet:
420 1566 463 1599 de
487 1566 623 1599 duabus
648 1564 813 1604 barbutis‚
839 1573 907 1597 uno
931 1572 1125 1606 pancerono
1149 1564 1192 1597 de
1218 1564 1349 1606 magiis,
1387 1574 1455 1597 uno
1491 1565 1652 1606 pectorali
1689 1566 1801 1605 azarii‚
1826 1565 2040 1599 furnimentis

217 1629 354 1663 duobus
379 1637 440 1671 pro
465 1628 623 1668 brachiis,
648 1628 803 1670 coyracia
827 1635 895 1660 una
919 1635 981 1668 pro
1005 1626 1190 1668 equitando
1215 1628 1247 1659 et
1272 1635 1338 1659 una
1364 1626 1468 1669 braga
1485 1627 1527 1660 de
1545 1628 1666 1670 magiis
1683 1627 1871 1670 anglicana,
1886 1629 2040 1670 manegis

217 1691 353 1725 duabus
377 1691 420 1724 de
445 1691 567 1734 magiis
591 1699 659 1723 non
684 1689 862 1731 completis
887 1689 958 1721 nixi
985 1697 1094 1731 usque
1118 1689 1161 1722 ad
1186 1689 1348 1729 cubitum,
1384 1690 1534 1722 arnexiis
1564 1690 1702 1723 duobus
1727 1699 1788 1732 pro
1813 1691 1947 1732 gambis
1971 1690 2041 1723 fur-

217 1754 307 1794 nitis,
343 1763 488 1796 quorum
524 1754 576 1787 est
611 1761 700 1786 unus
735 1761 811 1785 cum
835 1751 944 1785 clavis
967 1753 1000 1785 et
1024 1751 1108 1784 alter
1132 1761 1210 1784 non.
1237 1751 1316 1784 Item
1353 1751 1480 1794 legavit
1504 1751 1620 1785 Iohani
1646 1753 1688 1785 de
1714 1751 1858 1786 Camino
1883 1753 2038 1786 familiari

217 1825 281 1850 suo
316 1817 506 1859 coyraciam
543 1824 644 1848 unam
680 1815 806 1857 peditis
840 1814 963 1847 factam
1000 1814 1042 1847 de
1079 1815 1211 1856 magiis,
1236 1814 1324 1847 duas
1356 1814 1531 1848 manichas
1556 1815 1598 1847 de
1622 1815 1755 1857 magiis,
1780 1825 1883 1848 unum
1909 1824 1970 1857 par
1994 1815 2036 1848 de

216 1878 363 1919 brachis,
389 1887 489 1911 unam
514 1879 647 1920 spatam
673 1879 705 1910 et
730 1886 834 1910 unum
859 1877 910 1910 iac
935 1877 977 1910 de
1002 1885 1116 1918 panno
1141 1878 1248 1918 septe.
1275 1876 1354 1910 ltem
1373 1876 1445 1909 vult
1469 1878 1502 1909 et
1526 1877 1633 1909 voluit
1646 1877 1739 1918 quod
1758 1877 1922 1910 manteale
1937 1887 2039 1910 unum

219 1940 262 1975 de
286 1941 389 1974 blavo
413 1941 506 1983 quod
532 1940 634 1973 habet
658 1939 826 1973 vendatur
849 1941 882 1972 et
906 1939 998 1980 quod
1024 1939 1169 1980 pecunia
1194 1939 1318 1972 exinde
1343 1948 1548 1981 processura
1573 1939 1795 1972 distribuatur
1830 1949 1892 1981 pro
1927 1940 2040 1973 anima

216 2011 279 2037 sua
303 1998 442 2036 arbitrio
465 2003 592 2035 domini
619 2002 754 2035 lectoris
779 2001 932 2043 predicti.
959 2000 1038 2034 Item
1064 2001 1172 2034 voluit
1188 2003 1221 2034 et
1239 2001 1311 2034 vult
1335 2002 1427 2043 quod
1454 2001 1620 2034 lohannes
1637 2002 1679 2034 de
1697 2000 1841 2035 Camino
1866 2002 2039 2044 predictus

216 2065 340 2099 habeat
363 2067 467 2098 totam
493 2065 583 2098 illam
608 2073 731 2107 pagam
756 2073 858 2106 quam
883 2064 958 2105 ipse
982 2062 1107 2097 Otinus
1131 2073 1193 2105 pro
1218 2064 1295 2106 ipso
1321 2063 1444 2097 lohane
1480 2064 1628 2097 debebat
1663 2065 1812 2106 recipere
1838 2073 1856 2097 a
1882 2063 2038 2098 Comuni.

217 2126 297 2162 Item
322 2127 430 2161 voluit
453 2129 486 2161 et
510 2127 582 2160 vult
606 2127 700 2169 quod
725 2135 792 2160 una
816 2127 891 2160 eius
915 2135 998 2159 crux
1024 2126 1066 2159 de
1090 2127 1231 2168 argento
1256 2128 1402 2168 ponatur
1426 2129 1505 2168 post
1530 2135 1703 2160 recessum
1721 2127 1872 2160 suumin
1890 2127 2039 2160 ecclesia

217 2189 324 2224 sa‘ncti
351 2189 522 2224 Anthonii.
549 2189 629 2223 Item
654 2189 762 2222 voluit
786 2189 879 2231 quod
904 2190 933 2222 si
958 2190 1132 2231 continget
1156 2189 1285 2231 aliquid
1311 2189 1460 2231 recipere
1486 2198 1547 2231 pro
1565 2189 1676 2222 lancia
1693 2198 1712 2222 a
1730 2189 1868 2222 domino
1886 2188 2039 2222 Amirato

215 2254 361 2296 ponatur
385 2253 418 2286 in
443 2253 618 2286 dominum
643 2252 802 2285 lectorem
827 2252 1028 2294 predictum,
1053 2252 1111 2293 qui
1137 2251 1220 2284 illud
1245 2251 1426 2284 distribuat
1450 2260 1512 2293 pro
1537 2252 1649 2284 anima
1674 2261 1746 2291 sua,
1773 2251 1829 2284 ubi
1859 2252 1924 2285 sibi
1943 2252 2038 2285 vide-

213 2315 304 2349 bitur
327 2317 360 2349 et
383 2315 559 2358 placuerit.
596 2315 676 2348 item
712 2315 800 2347 dixit
824 2323 862 2348 se
887 2314 968 2347 dare
1003 2314 1127 2347 debere
1162 2314 1301 2347 domino
1326 2312 1449 2347 Comiti
1475 2314 1517 2347 de
1543 2313 1674 2348 Urbino
1697 2314 1846 2347 florenos
1870 2316 1939 2347 tres
1964 2315 2035 2347 auri

213 2387 302 2421 quos
326 2378 399 2412 vult
422 2379 454 2411 et
479 2377 586 2411 voluit
610 2377 676 2410 sibi
701 2377 789 2410 solvi
814 2377 940 2410 debere
965 2377 1007 2410 de
1032 2377 1132 2410 bonis
1158 2376 1385 2419 Famauguste
1410 2376 1649 2409 existentibus.
1676 2376 1755 2409 Item
1780 2377 1867 2409 dixit
1891 2385 1928 2409 se
1954 2377 2035 2410 dare

212 2441 336 2475 debere
361 2440 484 2474 lacobo
508 2440 551 2473 de
576 2438 733 2474 Cimiano
756 2440 906 2473 florenos
929 2441 1076 2481 quatuor
1100 2439 1171 2472 auri
1197 2447 1286 2481 quos
1311 2439 1419 2471 voluit
1436 2438 1501 2471 sibi
1517 2438 1605 2471 solvi
1623 2439 1748 2472 debere
1766 2439 1808 2471 de
1827 2439 1926 2472 bonis
1951 2439 2036 2472 suis.

1149 2596 1261 2618 Generale
1276 2596 1375 2623 Ugolino
1390 2595 1420 2617 da
1434 2595 1539 2622 Orvleto,
1555 2595 1597 2617 che
1612 2595 1648 2617 nel
1665 2595 1715 2618 1368
1725 2601 1835 2617 successe
1845 2601 1859 2617 a
1873 2595 1966 2618 Matteo
1977 2596 2032 2618 d'A-

1150 2640 1209 2663 scoii
1224 2646 1237 2662 e
1252 2640 1288 2662 nel
1305 2640 1352 2662 1371
1369 2639 1393 2661 fu
1409 2645 1533 2666 promosso
1555 2639 1661 2662 vescovo
1677 2639 1699 2661 di
1715 2639 1811 2666 lelnl;
1827 2640 1870 2667 sia.
1882 2646 1894 2662 e
1909 2641 2032 2668 principal-

1147 2686 1233 2712 mente,
1256 2690 1297 2711 per
1319 2690 1400 2706 mezzo
1415 2684 1437 2706 di
1453 2684 1530 2706 Guldo
1551 2684 1581 2706 da
1597 2684 1754 2711 Bereguardo,
1772 2684 1845 2706 eletto
1859 2684 1881 2706 al
1896 2685 2031 2712 generalato

215 2597 305 2625 leuzo,
326 2596 356 2619 da
373 2597 447 2619 anche
467 2597 490 2619 la
510 2597 597 2619 misura
619 2596 656 2619 del
677 2596 760 2619 delltto
775 2597 805 2619 da
820 2597 852 2619 lul
866 2602 999 2619 commesso
1013 2602 1057 2619 con
1072 2597 1094 2618 la

215 2641 315 2665 orrenda
329 2642 468 2664 detentione
482 2642 505 2664 ln
519 2647 612 2664 carcere
626 2641 649 2664 di
663 2641 724 2664 frate
738 2641 850 2664 Giacomo
865 2641 994 2664 Bussolarl.
1003 2635 1021 2664 Ε
1030 2647 1095 2668 vero,

216 2690 282 2709 come
295 2686 420 2714 apparisce
434 2686 472 2708 dal
487 2687 551 2708 testo
566 2685 602 2708 del
617 2685 759 2708 documento
774 2686 816 2708 che
830 2685 846 2708 il
860 2685 980 2708 Bussolari
996 2691 1042 2708 non
1052 2691 1092 2707 era

217 2729 258 2758 pii:
277 2730 419 2758 priglonlero
441 2729 463 2756 (e
477 2729 554 2752 difatti
576 2730 613 2752 nel
634 2730 716 2752 nostro
737 2729 879 2751 documento
893 2729 980 2756 leggesl
995 2735 1041 2751 non
1056 2729 1096 2756 piu

216 2774 332 2801 viaeatur,
347 2779 385 2796 ma
398 2774 535 2800 videretur:
548 2780 594 2796 non
609 2773 649 2801 piu
661 2773 732 2802 facit,
747 2779 784 2795 ma
792 2773 910 2801 faclebat)
924 2773 1007 2800 poiche
1021 2773 1044 2795 in
1058 2779 1094 2795 se-

215 2818 282 2846 guito
302 2818 350 2841 ana
375 2824 446 2846 grave
467 2818 579 2840 minaccia
600 2818 638 2840 del
651 2819 664 2840 7
678 2818 778 2846 gennalo
792 2823 805 2840 e
819 2818 893 2845 prlma
915 2817 952 2839 del
966 2817 993 2840 28
1007 2823 1094 2845 marzo,

216 2862 280 2890 dopo
293 2863 354 2886 circa
370 2863 395 2886 14
408 2863 461 2886 anni
476 2863 498 2885 dl
514 2863 636 2891 prigionia,
658 2862 702 2890 essll
721 2868 796 2884 venne
817 2862 931 2889 liberato;
946 2867 983 2884 rna
998 2861 1034 2884 cio
1049 2868 1095 2884 non

215 2908 309 2930 estante
323 2913 369 2930 non
383 2909 470 2935 poteva
484 2908 598 2930 rimanere
612 2907 715 2930 inultaia
725 2906 838 2934 sacrilega
853 2907 933 2934 colpa;
945 2906 1033 2934 eppero
1047 2906 1096 2934 giu-

215 2952 331 2975 etnmente
345 2952 368 2974 ln
382 2953 468 2980 questo
482 2952 624 2975 documento
638 2957 692 2974 essa
707 2952 837 2979 ricompare
852 2952 888 2973 tra
902 2951 924 2973 le
934 2950 1021 2973 causali
1037 2950 1097 2973 della

215 2996 357 3019 ommunica.
372 2996 547 3020 Naturalmente
561 3002 575 3019 a
589 2997 675 3024 questo
686 2996 736 3018 zelo
747 2995 784 3018 del
795 2995 914 3018 Pontefice
929 3001 974 3018 non
989 2995 1045 3022 pote
1060 3001 1096 3017 es-

215 3045 268 3063 sere
281 3041 388 3063 “tranen
406 3041 422 3062 1’
428 3046 500 3068 opera
514 3040 655 3063 deli’Ordine
678 3040 840 3068 Agosnniano,
859 3040 894 3062 sia
909 3045 950 3067 per
965 3045 1046 3062 mezzo
1060 3039 1098 3061 del

1150 2730 1187 2751 nel
1202 2729 1311 2756 Capitolo
1326 2729 1348 2750 di
1365 2729 1459 2751 Firenze
1474 2729 1510 2750 nel
1527 2729 1575 2751 1371
1592 2734 1604 2750 e
1619 2728 1763 2751 confer-mato
1779 2734 1820 2755 per
1835 2735 1865 2751 un
1883 2729 1944 2751 altro
1964 2729 2033 2752 trien-

1147 2774 1186 2796 nio
1201 2774 1237 2795 nel
1252 2773 1361 2800 Capitolo
1376 2773 1398 2794 di
1414 2772 1510 2795 Colonia
1526 2772 1563 2794 del
1579 2773 1637 2794 1374.
1653 2772 1814 2799 Guido‚come
1821 2778 1919 2801 pavese,
1936 2773 2033 2795 dovette

1150 2819 1293 2841 certamente
1308 2817 1427 2845 prendersi
1443 2823 1457 2839 a
1471 2822 1542 2839 cuore
1557 2817 1578 2839 la
1593 2817 1734 2839 llberazione
1748 2817 1785 2839 del
1799 2823 1844 2839 suo
1865 2818 2032 2845 concittadino‚

1149 2863 1222 2884 anche
1237 2868 1278 2889 per
1292 2862 1390 2888 togllere
1404 2861 1465 2883 dalla
1473 2852 1650 2883 costernazione
1658 2861 1672 2883 ii
1682 2862 1770 2888 popolo
1779 2862 1801 2884 di
1811 2862 1890 2890 Pavia,
1902 2863 1943 2884 che
1951 2862 1973 2884 al
1983 2862 2032 2885 dire

1153 2907 1226 2929 anche
1241 2906 1278 2928 del
1293 2906 1407 2928 maledico
1422 2905 1517 2928 ΑΖΑΕΙΟ
1532 2906 1576 2928 loc.
1592 2906 1632 2928 clt-
1643 2906 1687 2928 col.
1699 2906 1747 2934 379,
1758 2906 1787 2929 de
1797 2907 1848 2929 elus
1855 2908 1971 2934 perpetua
1982 2913 2032 2930 car—

1152 2951 1273 2973 cerutlone
1285 2950 1414 2978 papienses
1426 2951 1539 2977 perpetuo
1554 2950 1768 2973 convitiabantur.
1785 2950 1850 2973 Delle
1874 2951 1978 2973 ulteriori
2000 2952 2033 2974 vl-

1148 2995 1221 3017 cende
1236 2994 1272 3017 del
1288 2994 1407 3016 Bussolarl
1422 2994 1442 3016 si
1457 2993 1516 3016 veda
1531 2994 1590 3016 nelle
1604 2995 1660 3016 note
1673 2994 1696 3017 al
1711 2994 1763 3017 doc.
1778 3001 1801 3017 n.
1818 2995 1904 3017 Lxxn.

1205 3038 1236 3064 (1)
1250 3038 1412 3066 Raccognamo
1427 3039 1512 3066 questo
1527 3038 1668 3062 documento
1683 3039 1743 3061 delle
1757 3039 1838 3062 ultime
1852 3039 1948 3062 volonta
1964 3040 1986 3061 di
2003 3046 2033 3061 un
