2496 3600
442 115 447 120 ’
493 133 562 168 -126

2121 0 2161 10 :··-
2184 0 2323 17 ,ἱππ-η,

2160 27 2165 34 ⁴.
2198 20 2214 28 -,
2269 16 2290 27 ‹st
2318 14 2329 23 ν

493 269 573 303 item
599 270 724 314 legavit
749 270 870 305 illustri
896 271 1035 305 domino
1059 271 1141 315 Regi
1167 271 1347 304 Ierusalem
1373 273 1406 304 et
1429 269 1524 313 Cipri
1549 271 1668 305 soldos
1692 271 1877 314 quinque...
1901 270 2121 315 Reliquorum
2145 281 2228 307 vero
2251 273 2315 308 bo-
2355 310 2358 313 ,
2382 283 2405 319 g

492 342 610 366 norum
637 334 746 376 ipsius
771 334 945 367 mobilium
960 336 992 367 et
1006 334 1261 367 immobilium...
1287 333 1444 366 heredem
1458 341 1557 366 suum
1571 341 1650 367 esse
1662 334 1769 367 voluit
1785 335 1818 368 et
1835 334 1978 368 instituit
1994 333 2157 368 Helenam
2175 336 2313 370 matrem

491 404 588 430 suam
614 397 643 430 si
669 397 791 431 vixerit
805 399 838 431 et
850 398 879 430 si
894 406 960 430 non
975 397 1097 430 vixerit
1123 396 1317 430 lohaninam
1343 405 1483 429 uxorem
1508 395 1669 430 Anthonii
1686 396 1729 430 de
1746 394 1909 431 Cartariis
1922 399 1955 431 et
1968 396 2153 440 Benignam
2171 406 2313 432 uxorem
2398 435 2407 445 L

490 457 579 492 Petri
604 460 742 493 testoris
766 460 808 493 de
835 459 966 493 Vilante
992 468 1127 492 sorores
1152 467 1234 492 suas
1259 459 1358 501 equis
1382 458 1615 501 porcionibus,
1639 459 1685 493 ita
1709 459 1802 502 quod
1837 460 2016 494 teneantur
2038 459 2082 494 de
2105 459 2195 494 dicta
2218 460 2315 494 here-
2349 503 2352 506 Α

489 522 593 555 ditate
618 523 791 555 annuatim
816 523 896 555 dare
921 522 1103 555 conventui
1129 520 1243 555 Sancti
1269 520 1452 564 Augustini
1484 521 1527 555 de
1555 520 1663 564 Papia
1686 521 1834 555 florenos
1858 521 1976 556 decem
2001 530 2112 565 usque
2135 522 2180 556 ad
2203 530 2313 557 annos
2384 567 2390 574 ἡ

489 585 608 618 decem
639 585 792 627 proxime
822 587 985 618 venturos
1017 586 1095 626 post
1131 584 1313 618 decessum
1338 593 1482 618 suum....
1508 583 1826 618 Fideicomissarios
1850 593 1934 619 suos
1958 593 2036 619 esse
2060 584 2168 619 voluit
2191 585 2225 618 in
2249 584 2315 619 Fa·
2373 579 2402 616 ῑζ

490 650 670 690 maugusta
695 648 822 680 dictum
848 647 1021 680 dominum
1048 646 1217 686 lectorem,
1243 646 1425 680 iohannem
1449 646 1492 680 de
1517 645 1674 681 Cimiano
1697 649 1731 681 et
1755 647 1936 681 lohannem
1953 647 1996 681 de
2013 647 2254 691 Formagiariis
2268 647 2312 681 de
2386 640 2394 655 ³

489 709 608 752 Papia,
633 712 695 743 etc.
721 709 842 743 Actum
862 709 1100 752 Famauguste,
1126 709 1158 742 in
1184 709 1287 742 domo
1312 709 1445 752 Ugonis
1469 709 1512 743 de
1536 708 1647 750 Botio,
1672 709 1705 743 in
1730 718 1865 744 camera
1881 710 1914 743 in
1932 719 2000 752 qua
2017 710 2105 744 iacet
2127 710 2241 744 dictus
2264 711 2315 744 te-

487 774 604 812 stator,
629 781 719 805 anno
744 771 879 804 Domini
917 771 1097 805 millesimo
1132 772 1371 805 trecentesimo
1406 759 1683 815 septuagessimo
1717 772 1834 812 tercio,
1858 772 2029 806 indicione
2054 772 2233 806 undecima
2256 780 2313 806 se-

488 836 638 869 cundum
665 844 802 868 cursum
821 835 933 874 lanue,
951 835 1006 868 die
1023 837 1144 877 quarta
1156 835 1375 875 Novembris,
1389 835 1422 868 in
1439 836 1564 869 terciis.
1582 834 1721 869 Testes:
1739 835 1854 869 Frater
1871 834 2036 871 Rizardus
2052 835 2096 869 de
2112 833 2228 870 Clav.⁰
2247 836 2312 870 etc.
2360 826 2393 876 ’ὲ

576 897 837 931 Bartholomeus
862 897 1022 931 Anthonii
1047 898 1090 931 de
1115 895 1279 931 Corvaria
1305 898 1469 940 imperiali
1493 898 1693 931 auctoritate
1718 898 1880 938 notarius,
1905 899 1967 932 etc.
2350 887 2389 892 ⁴*

1326 1091 1491 1133 LXV.

574 1202 681 1232 Frate
706 1202 883 1232 Giovanni
908 1202 1066 1232 Velardo
1091 1202 1225 1233 assiste
1250 1203 1285 1232 al
1310 1202 1564 1233 conferimento
1589 1202 1625 1232 di
1648 1211 1718 1232 una
1742 1202 1865 1233 laurea
1889 1202 1925 1232 in
1949 1202 2063 1233 Pavie
2087 1199 2151 1244 (l).

1116 1308 1273 1341 1374,
1304 1308 1562 1342 mag-2⁹10,
1591 1308 1682 1335 280

850 1397 1005 1422 (MAloecl—ss:
1022 1397 1080 1420 Cod.
1095 1397 1200 1425 Dtplom.
1216 1397 1345 1421 deiI'Untv.
1360 1398 1386 1420 di
1399 1397 1484 1425 Ρανὶα,
1499 1397 1579 1425 Pavia,
1594 1397 1649 1420 Fusi
1666 1398 1725 1425 19⁰5,
1739 1398 1792 1421 vol.
1808 1398 1825 1425 Ι,
1840 1403 1894 1425 pag.
1909 1397 1952 1424 m).

501 1530 505 1649 l
556 1585 680 1703 N
727 1534 826 1639 ΙΕιιΑ
849 1597 1028 1630 cattedrale
1051 1598 1172 1631 assiste
1195 1606 1288 1631 come
1311 1598 1498 1631 testimonio
1522 1597 1558 1630 al
1580 1587 1820 1640 conserimento
1836 1597 1925 1631 della
1948 1597 2063 1631 laurea
2085 1597 2119 1631 in
2141 1597 2252 1632 airino
2266 1597 2316 1632 εἰ·
2343 1592 2361 1606 “

501 1653 506 1756 Ι
728 1646 730 1726 1
758 1660 820 1694 vile
843 1661 891 1694 ad
911 1661 1056 1694 Antonio
1081 1661 1121 1694 de
1145 1660 1240 1694 Mil1’o
1265 1661 1301 1694 di
1325 1660 1496 1699 Cremona,
1522 1661 1547 1694 il
1575 1671 1590 1685 ¹
1613 1661 1753 1694 domino
1777 1661 1878 1694 fratre
1914 1660 2062 1694 iohanne
2097 1654 2244 1694 Velardo
2276 1660 2315 1695 in'

728 1731 730 1764 ς
757 1732 854 1757 sacra
878 1724 1004 1766 pagina
1029 1724 1202 1766 magistro,
1227 1722 1368 1757 Ordinis
1392 1722 1506 1757 Sancti
1531 1723 1714 1766 Augustini
1739 1722 1846 1766 Papie
1869 1737 1901 1756 ι.

1304 1941 1494 1985 LXVI.

577 2054 606 2083 11
631 2053 814 2090 consigno
839 2054 874 2083 di
900 2054 1111 2084 Provisione
1135 2053 1295 2084 delibera
1319 2053 1572 2084 sull'onorario
1596 2053 1634 2083 di
1657 2053 1748 2083 frate
1772 2053 1960 2083 Bonifacio
1977 2052 2171 2091 Bottigella
2187 2053 2316 2099 lettere

465 2108 550 2137 nell·
564 2108 785 2138 Universsta.
2354 2111 2359 2121 ³

1081 2178 1235 2210 1374,
1263 2178 1610 2210 novembre,
1644 2177 1724 2203 221.

1022 2266 1174 2292 (MAloccfflz
1192 2267 1249 2289 Cod.
1265 2266 1370 2294 Diplom.
1386 2267 1442 2289 dell·
1451 2267 1526 2293 Unlv„
1543 2266 1589 2289 vol.
1604 2267 1621 2294 l,
1636 2272 1691 2294 pag.
1705 2266 1784 2293 27-28).

761 2466 964 2500 Antoniolus
1001 2466 1043 2498 de
1079 2464 1204 2499 Sancto
1240 2464 1376 2498 Donino
1412 2465 1669 2504 referendarius,
1706 2466 1767 2498 etc.
1794 2465 1871 2497 item
1908 2464 2019 2497 retulit
2043 2466 2075 2497 et
2098 2464 2185 2497 dixit
2220 2464 2362 2515 partes„

547 2457 690 2574 D.
761 2531 901 2564 illustris
925 2531 1062 2562 domine
1086 2530 1250 2571 prelibate
1273 2526 1376 2569 (idest
1399 2528 1524 2561 Blance
1548 2529 1588 2561 de
1613 2525 1805 2569 Sabaudia)
1840 2527 1932 2570 quod
1957 2528 2047 2560 dicta
2070 2527 2208 2560 domina
2243 2519 2362 2564 vulti'

761 2596 793 2628 et
818 2594 960 2627 intendit
999 2593 1092 2634 quod
1117 2592 1208 2625 fratri
1246 2591 1422 2624 Bonifacio
1447 2591 1489 2624 de
1514 2590 1706 2633 Buttigellis
1741 2591 1823 2623 fiant
1847 2591 1880 2623 et
1903 2590 1973 2623 fieri
2009 2589 2156 2622 debeant
2190 2579 2366 2628 ῦιιΙΙείθὲι

492 2660 544 2691 sui
571 2659 683 2691 salarii
709 2658 751 2690 de
776 2659 926 2698 tempore
952 2656 1108 2698 preterito
1133 2657 1164 2687 et
1189 2654 1301 2687 futuro
1326 2654 1420 2686 iuxta
1445 2655 1640 2695 computum
1665 2654 1875 2686 consuetum.

496 2814 582 2830 oscuro
597 2808 698 2834 suidam,
714 2808 755 2829 che
771 2807 883 2829 merendo
893 2807 989 2828 lontano
1004 2806 1065 2828 dalla
1080 2806 1156 2833 patria
1171 2806 1190 2827 si
1205 2805 1297 2827 ricorda
1318 2804 1378 2831 degli
1434 2804 1500 2826 esilio
1515 2803 1576 2826 dalla
1591 2803 1686 2831 politica
1707 2803 1836 2830 viscontea,
1858 2802 1999 2824 arruolatosi
2018 2807 2060 2828 per
2081 2801 2208 2829 l'Oriente.
2229 2801 2262 2824 flu
2281 2795 2354 2828 ‘hv-a,

497 2853 642 2879 Agostiniani
658 2853 680 2873 di
697 2852 775 2878 Pavia,
791 2857 803 2873 e
819 2858 860 2879 per
875 2852 925 2873 loro
940 2851 1050 2878 riguardo
1066 2850 1169 2872 benefica
1192 2851 1265 2872 anche
1279 2850 1310 2876 gli
1326 2850 1379 2871 Ere-
1433 2849 1510 2876 quelle
1524 2849 1618 2870 lontane
1632 2848 1730 2875 spingge
1745 2846 1869 2869 mandasse
1883 2846 1982 2868 1'uln'm0
2003 2851 2048 2868 suo
2069 2846 2158 2868 tributo
2172 2845 2195 2868 dl
2211 2836 2370 2885 ωεωοιῦξζ

498 2898 577 2919 mitani
593 2897 615 2918 di
631 2898 779 2923 Famagosta.
795 2897 846 2918 Non
861 2896 873 2918 e
888 2896 964 2923 detto,
989 2901 1025 2918 ma
1040 2896 1052 2917 e
1067 2895 1198 2917 iacilmente
1219 2894 1377 2921 summumne,
1433 2894 1515 2916 atletto
1530 2893 1551 2915 ai
1566 2892 1695 2915 contratelll
1709 2892 1732 2914 di
1747 2892 1816 2914 Frate
1830 2891 1950 2914 maeonio.
2326 2889 2337 2922 'q
2350 2891 2356 2921 J

497 2942 540 2963 che
555 2943 640 2968 questo
656 2941 727 2962 milite
741 2940 805 2962 fosse
820 2940 842 2962 di
858 2941 946 2967 coloro,
961 2940 1003 2962 che
1017 2940 1196 2962 combutterono
1210 2939 1232 2961 al
1247 2939 1323 2961 tianco
1342 2938 1379 2960 del
1487 2938 1517 2964 (1)
1531 2937 1622 2963 Questo
1636 2937 1649 2959 ὲ
1663 2937 1678 2959 il
1693 2937 1768 2964 primo
1782 2936 1932 2962 documento,
1947 2934 1970 2957 in
1984 2935 2022 2957 cui
2036 2935 2144 2957 vediamo
2167 2941 2198 2956 un
2219 2934 2322 2957 dottooe—

498 2985 618 3007 Bussolari
634 2991 675 3014 per
690 2985 711 3006 la
726 2985 896 3011 indipendenza
911 2985 970 3006 della
986 2985 1070 3011 patria,
1085 2990 1098 3006 e
1112 2985 1154 3006 che
1169 2984 1273 3014 cacciato
1297 2983 1335 3010 poi
1357 2983 1380 3004 in
1433 2982 1582 3010 agosfiniano
1597 2982 1619 3003 in
1634 2981 1750 3004 relazione
1764 2979 1951 3003 cultumve-nita
1965 2979 1989 3001 di
2004 2979 2084 3006 Pavin,
2098 2979 2195 3002 tundata
2205 2979 2242 3001 nel
2253 2978 2313 3006 lffl,
2347 2981 2355 3019 ζ
