2496 3600
1942 250 1981 283 31

1008 480 1154 521 XIV.

261 598 290 628 11
314 598 419 628 Card.
447 597 639 628 Beltrando
663 597 721 628 del
745 598 930 635 Poggetto,
956 602 1141 628 esecutore
1165 599 1376 636 apostolico,
1414 599 1565 637 impone,
1604 604 1699 631 sotto
1737 610 1827 639 pena
1851 601 1886 631 di
1912 610 1991 631 sco-

173 652 315 683 munica
354 660 374 682 c
398 651 431 681 d‘
451 651 652 686 interdetto,
679 651 714 680 ai
738 651 908 680 Canonici
943 651 1153 680 Lateranesi
1185 652 1221 681 di
1253 652 1413 689 eseguire
1437 653 1470 682 le
1494 653 1728 690 disposizioni
1751 655 1938 695 pontificie,
1974 665 1993 686 e

173 705 316 736 nomina
341 704 420 735 suoi
443 704 664 742 procuratori
687 713 750 742 per
773 704 846 734 tale
870 704 1080 734 esecuzione
1105 709 1244 742 quattro
1269 705 1442 743 Religiosi
1467 706 1502 735 di
1527 706 1662 737 diversi
1686 707 1810 738 Ordini
1834 717 1852 738 e
1870 709 1993 747 cinque

174 758 363 797 Dignitarii
387 757 625 788 ecclesiastici
647 757 785 796 pavesi.
1249 748 1254 755 ⁸

826 889 979 922 132⁷,
998 889 1234 923 giugno,
1258 890 1336 917 19.

683 985 752 1011 (Blnl.
768 985 835 1008 Univ.
852 985 931 1013 Pavia,
947 985 1005 1008 Cod.
1021 992 1043 1008 n.
1058 986 1098 1008 428
1112 998 1138 1001 -
1153 986 1258 1014 Pergam.
1274 987 1297 1009 di
1312 987 1335 1009 S.
1351 987 1481 1014 Agostino).

447 1247 709 1280 archidiaconus
734 1245 905 1289 Sigalonie
931 1247 963 1279 in
989 1247 1135 1280 ecclesia
1160 1246 1397 1288 Aurilianensi‚
1423 1251 1587 1282 executor
1610 1250 1652 1282 ad
1679 1249 1901 1291 infrascripta,
1931 1260 1997 1283 una

352 1317 421 1347 „A
447 1319 524 1342 cum
549 1309 815 1342 venerabillibus
839 1310 872 1342 in
897 1308 1034 1343 Christo
1059 1310 1213 1352 patribus
1237 1310 1397 1352 papiensi
1416 1313 1448 1343 et
1466 1311 1678 1344 Terdonensi
1703 1312 1895 1354 Episcopis,
1921 1323 1997 1346 cum

179 1369 236 1403 illa
259 1370 412 1404 clausula
437 1372 598 1413 quatinus
622 1380 696 1411 vos,
722 1371 775 1404 vel
800 1371 880 1411 duo,
905 1373 962 1404 aut
987 1381 1075 1404 unus
1115 1374 1276 1412 vestrum,
1301 1374 1363 1405 etc.
1389 1370 1440 1414 (1)
1465 1382 1484 1406 a
1508 1372 1596 1407 Sede
1633 1373 1831 1416 Apostolica
1867 1376 1999 1416 specia-

178 1432 252 1466 liter
275 1433 457 1476 deputatis,
482 1433 663 1476 Religiosis
687 1434 770 1467 viris
795 1433 919 1467 Abbati
945 1435 977 1467 et
994 1432 1186 1467 Conventui
1203 1444 1243 1468 ac
1268 1435 1437 1468 universis
1455 1438 1487 1468 et
1504 1436 1648 1478 singulis
1666 1435 1850 1469 Canonicis
1874 1440 1906 1470 et
1923 1446 1999 1479 per-

177 1495 273 1528 sonis
297 1490 491 1529 monasterii
515 1494 629 1530 Sancti
654 1495 744 1529 Petri
769 1497 802 1529 in
827 1496 901 1530 celo
924 1506 1028 1530 aureo
1053 1497 1229 1539 papiensis
1253 1498 1382 1531 ordinis
1400 1497 1514 1531 Sancti
1533 1498 1724 1540 Augustini,
1750 1501 1782 1532 et
1806 1500 1998 1542 dignitates,

180 1559 395 1600 personatus,
419 1558 736 1592 administraciones
761 1567 822 1592 seu
847 1559 959 1592 officia
984 1559 1016 1591 in
1035 1559 1155 1592 eodem
1173 1560 1378 1593 monasterio
1395 1561 1611 1600 habentibus,
1629 1561 1682 1594 vel
1701 1571 1767 1594 non
1785 1562 1999 1602 habentibus,

181 1628 397 1662 quocumque
422 1621 558 1654 nomine
583 1623 796 1661 censeantur,
821 1621 1027 1663 ubicumque
1053 1622 1256 1662 constitutis,
1281 1631 1321 1655 ac
1346 1623 1505 1656 omnibus
1529 1623 1605 1656 aliis
1629 1625 1662 1656 et
1685 1623 1840 1666 syngulis
1858 1633 2000 1666 quorum

180 1681 318 1715 interest
342 1681 396 1715 vel
421 1682 579 1722 intererit,
603 1684 636 1716 et
659 1683 702 1716 ad
732 1692 821 1725 quos
845 1685 878 1716 et
902 1692 1047 1725 quorum
1087 1684 1245 1717 noticiam
1271 1683 1377 1717 littere
1402 1687 1579 1726 presentes
1619 1686 1833 1727 pervenerint
1857 1688 1889 1719 et
1913 1695 2001 1728 quos

181 1751 324 1785 presens
348 1744 454 1786 tangit
478 1745 650 1787 negotium
675 1744 729 1777 vel
753 1747 891 1787 tangere
915 1746 1038 1787 poterit
1062 1746 1095 1778 in
1119 1745 1278 1786 futurum,
1304 1746 1446 1779 salutem
1472 1746 1504 1778 in
1530 1745 1676 1780 Domino
1701 1749 1733 1780 et
1758 1748 1925 1781 mandatis
1943 1758 2003 1781 no-

151 1829 155 1832 ·
185 1805 276 1846 stris,
301 1805 368 1839 imo
392 1806 507 1839 verius
531 1806 742 1848 apostolicis,
765 1807 904 1840 firmiter
927 1808 1078 1841 obedire.
1468 1841 1470 1843 .
1900 1808 1905 1811 ’

272 1867 414 1902 Litteras
438 1867 650 1902 Sanctissimi
675 1868 785 1902 Patris
810 1871 843 1903 et
866 1870 993 1903 domini
1033 1870 1159 1903 domini
1201 1870 1359 1904 Iohannis
1384 1872 1499 1904 divina
1530 1872 1751 1914 providencia
1783 1872 1875 1915 Pape
1904 1873 2003 1913 XXll,

182 1939 260 1964 cum
283 1930 341 1963 filo
365 1931 506 1973 canepis
531 1933 563 1964 et
587 1940 668 1964 vera
692 1931 785 1965 bulla
809 1932 969 1974 pomblea
994 1933 1104 1974 ipsius
1128 1933 1255 1966 domini
1281 1933 1374 1975 Pape
1400 1934 1557 1974 bullatas,
1583 1943 1650 1967 non
1668 1935 1821 1974 viciatas,
1839 1944 1905 1968 non
1923 1945 2003 1968 can-

184 1992 321 2033 zelatas,
345 2002 407 2027 nec
432 1994 464 2026 in
489 1994 604 2036 aliqua
628 1995 680 2027 sui
706 1996 800 2036 parte
825 1997 1017 2037 suspectas,
1042 1996 1295 2029 ordinacionem
1320 1997 1400 2029 dicti
1426 1996 1552 2029 domini
1579 1997 1682 2030 nostri
1709 1996 1801 2039 Pape
1827 2007 1887 2039 per
1903 2007 2004 2040 quam

185 2055 306 2089 fratres
330 2054 469 2089 Ordinis
494 2056 738 2090 Heremitarum
763 2056 877 2091 Sancti
902 2057 1094 2100 Augustini,
1119 2059 1245 2100 quibus
1270 2059 1375 2100 presit
1399 2058 1496 2092 Prior
1524 2060 1711 2092 secundum
1747 2060 2004 2093 observanciam

186 2117 296 2160 ipsius
320 2117 470 2158 Ordinis,
495 2119 590 2152 iuxta
614 2119 794 2153 ecclesiam
820 2120 899 2153 dicti
926 2121 1119 2154 monasterii
1144 2119 1258 2154 Sancti
1284 2121 1384 2161 Petri,
1409 2122 1509 2155 etiam
1534 2122 1563 2155 si
1587 2122 1630 2155 ad
1656 2121 1838 2156 Romanam
1869 2121 2004 2156 Curiam

186 2179 279 2214 nullo
303 2181 468 2222 pertineat
491 2181 670 2222 mediante,
695 2183 752 2215 ubi
778 2191 911 2216 sacrum
937 2192 1062 2225 corpus
1086 2183 1239 2216 eiusdem
1265 2184 1353 2216 beati
1390 2183 1570 2226 Augustini
1595 2193 1673 2218 esse
1705 2185 1827 2218 dicitur
1859 2185 2007 2226 solemp-

187 2242 272 2276 niter
294 2242 505 2283 tumulatum,
530 2244 674 2277 mediate
699 2244 753 2277 vel
779 2245 970 2278 immediate
995 2247 1095 2286 prout
1119 2245 1248 2278 eisdem
1273 2245 1379 2278 Priori
1405 2248 1437 2279 et
1455 2246 1626 2279 Fratribus
1651 2247 1821 2279 videbitur
1844 2247 2005 2289 expedire

187 2305 220 2338 et
243 2305 386 2338 comode
409 2305 480 2338 fieri
505 2307 637 2347 poterit,
674 2316 783 2348 usque
819 2307 862 2340 ad
902 2307 1276 2349 vicessimumquintum
1302 2308 1355 2341 vel
1391 2308 1553 2341 tricenum
1587 2318 1760 2341 numerum
1797 2309 1921 2341 debent
1957 2309 2007 2340 in-

187 2365 287 2400 simul
319 2367 493 2409 perpetuis
516 2367 638 2401 futuris
661 2369 873 2410 temporibus
898 2369 1060 2408 habitare,
1085 2378 1124 2402 ac
1149 2369 1286 2403 modum
1311 2370 1499 2402 secundum
1535 2379 1635 2411 quem
1668 2370 1817 2411 ipsorum
1857 2370 2005 2402 Fratrum

190 2427 360 2462 habitacio
395 2431 609 2463 construatur
643 2432 676 2463 et
710 2430 851 2463 formam
890 2440 929 2464 ac
969 2430 1107 2464 alterius
1147 2431 1394 2471 ordinacionis,
1434 2432 1563 2471 statuti,
1607 2432 1750 2471 decreti,
1798 2431 2005 2464 voluntatum

190 2491 223 2523 et
246 2490 387 2524 aliorum
412 2491 502 2525 circa
533 2492 675 2525 eandem
709 2493 961 2526 ordinacionem
993 2493 1157 2526 seriosius
1193 2494 1415 2532 continentes,
1440 2494 1539 2526 nobis
1575 2503 1635 2535 per
1669 2494 1861 2535 religiosum
1899 2494 2006 2526 virum

192 2550 338 2586 Fratrem
364 2551 544 2587 Iohannem
569 2554 611 2587 de
636 2553 759 2587 Biteris
783 2556 1035 2596 procuratorem
1060 2554 1250 2597 generalem
1287 2554 1426 2588 Ordinis
1451 2555 1692 2588 Heremitarum
1718 2555 1836 2596 pridie,
1868 2564 2007 2596 presen-

190 2613 283 2647 tibus
306 2614 529 2657 infrascriptis
553 2616 683 2649 notario
707 2618 740 2649 et
763 2617 919 2656 testibus,
944 2618 1165 2658 presentatas,
1183 2626 1259 2650 cum
1277 2626 1316 2650 ea
1333 2626 1400 2658 qua
1416 2617 1528 2650 decuit
1543 2617 1736 2650 reverencia
1760 2626 1822 2650 nos
1846 2618 2008 2651 noveritis

194 2676 364 2718 recepisse
389 2678 422 2710 et
445 2677 575 2710 illarum
601 2686 687 2720 quas
711 2678 812 2711 vobis
836 2679 864 2711 si
890 2687 949 2711 eas
974 2678 1089 2711 videre
1114 2677 1255 2711 voletis'
1275 2679 1407 2711 ostendi
1445 2678 1601 2711 volumus
1626 2679 1658 2710 in
1683 2678 1758 2711 loco
1794 2688 1944 2721 congruo
1979 2681 2011 2712 et

193 2745 326 2779 securo,
349 2740 446 2772 tenor
469 2740 518 2773 sic
543 2740 678 2782 incipit:
704 2739 871 2773 lohannes
894 2740 1080 2782 episcopus
1120 2749 1241 2773 servus
1266 2749 1439 2773 servorum
1465 2739 1527 2773 Dei
1553 2739 1812 2774 Venerabilibus
1836 2740 2008 2774 Fratribus

194 2800 349 2842 papiensi
374 2803 407 2834 et
429 2802 624 2835 terdonensi
649 2802 832 2844 Episcopis
856 2811 895 2835 ac
920 2802 1057 2835 dillecto
1081 2803 1321 2835 archidiacono
1345 2801 1516 2844 Sigalonie
1545 2801 1577 2834 in
1603 2802 1748 2836 ecclesia
1783 2803 2007 2836 aurelianensi

195 2861 338 2895 salutem
362 2864 395 2896 et
419 2863 641 2905 apostolicam
667 2864 948 2897 benedictionem.
974 2863 1174 2897 Veneranda
1198 2866 1390 2897 sanctorum
1415 2865 1558 2905 patrum,
1582 2866 1646 2897 etc.

282 2923 356 2958 Nos
387 2925 488 2967 igitur
511 2925 719 2959 Bertrandus
744 2924 935 2959 Cardinalis
959 2925 1230 2959 Archidiaconus
1254 2927 1287 2958 et
1311 2927 1473 2958 executor
1497 2925 1658 2967 prefatus,
1684 2926 1837 2960 volentes
1861 2927 1904 2960 ad
1929 2936 2010 2960 exe-

194 1123 199 1348 1
255 1169 356 1288 Β
417 1118 649 1316 ΙΕΕΤΗΑΝΒΗΒ
673 1184 895 1216 miseracione
921 1183 1037 1217 divina
1069 1182 1191 1217 Sancte
1225 1185 1332 1218 Marie
1358 1186 1390 1217 in
1416 1185 1556 1227 Aquirio
1592 1187 1758 1220 diaconus
1794 1185 1996 1227 Cardinalis,

254 3079 286 3106 (1)
298 3079 322 3104 Sl
337 3080 439 3104 nterim
452 3081 498 3104 aua
512 3082 616 3105 clausola
637 3081 757 3109 pontificia
777 3082 820 3104 che
841 3082 927 3109 leggesl
943 3081 965 3103 ln
980 3081 1025 3104 tine
1046 3081 1083 3103 del
1138 3081 1229 3103 docum.
1245 3081 1302 3104 Vlll.
