2496 3600
470 266 537 302 21⁶

1277 491 1492 535 CXXV.

560 611 700 640 Laurea
725 609 760 639 in
784 606 941 644 teologia
965 605 999 635 di
1026 604 1116 634 frate
1141 601 1328 632 Manfredo
1353 601 1399 631 da
1424 600 1543 631 Sienn.

1124 717 1281 749 1898,
1309 715 1532 749 ago-to,
1561 713 1640 741 18.

1086 805 1236 832 (marocci-u,
1253 804 1311 828 cod.
1327 804 1434 832 diplom..
1450 803 1497 826 vol.
1513 803 1531 830 Ι,
1545 808 1600 830 με.
1614 802 1672 828 π).

489 922 491 953 Β
717 959 750 987 ιΕ
774 953 875 986 XVlll
901 952 1057 995 Augusti.
1083 951 1252 984 Dominus
1277 949 1482 992 Episcopus,
1507 948 1670 991 imposito
1687 948 1811 982 birreto
1826 947 1920 982 fratri
1936 946 2119 982 Manu-edo
2133 947 2178 982 de
2239 946 2242 947 ’
2266 932 2303 974 Β’

489 994 491 1068 ἰ
543 943 712 1060 D
710 1010 879 1049 Ordinis
905 1014 1149 1048 Heremitarum
1174 1012 1283 1046 sancti
1309 1011 1503 1054 Augustini,
1529 1011 1742 1054 magistravit
1765 1019 1842 1044 eum
1860 1010 1893 1044 in
1909 1010 2093 1054 theologia
2117 1009 2282 1045 Actum

490 1097 491 1119 i

710 1043 713 1106 Β
739 1078 882 1111 ecclesia
907 1076 1102 1110 cathedrali.
1128 1075 1252 1109 Testes
1276 1074 1402 1108 bidelli.
1429 1073 1504 1107 Fuit
1521 1074 1738 1107 examinatus
1754 1072 1783 1106 V
1800 1073 1871 1107 iulii
1887 1075 1921 1107 et
1937 1072 2138 1108 licenciatus
2153 1068 2251 1108 xli
2248 1058 2306 1125 5352?

1267 1276 1508 1320 CXXVI.

565 1391 672 1420 Frate
697 1389 892 1419 Domenico
917 1389 962 1418 da
987 1389 1098 1424 Forli,
1117 1388 1242 1418 Priore
1267 1388 1303 1418 di
1328 1388 1364 1418 S.
1390 1387 1580 1425 Agostino.
1597 1395 1690 1425 paga
1714 1387 1750 1417 ai
1774 1386 1945 1418 Canonici
1968 1394 2016 1417 un
2038 1394 2156 1418 annuo

1156 1494 1312 1528 1399,
1335 1500 1559 1527 marzo,
1579 1493 1620 1520 1.

960 1583 1038 1609 (Arcti.
1053 1583 1076 1605 di
1091 1583 1168 1610 Stato,
1183 1583 1272 1605 Milano
1286 1594 1313 1598 -—
1334 1583 1441 1610 Pergam.
1457 1583 1480 1605 di
1495 1582 1519 1605 S.
1535 1582 1615 1606 Pietro
1629 1583 1652 1606 in
1667 1582 1716 1606 ciel
1730 1583 1816 1608 (νοω).

493 1750 495 1779 i
583 1717 631 1834 Ι
723 1734 749 1762 Ν
773 1730 921 1763 claustro
946 1729 1140 1763 monasterii
1166 1727 1279 1762 Sancti
1305 1727 1404 1762 Petri.
1422 1727 1644 1764 Reverendus
1668 1730 1764 1771 pater
1783 1730 1817 1762 et
1840 1728 2001 1762 dominus
2023 1724 2186 1763 dominus
2210 1775 2212 1778 y

745 1791 924 1826 Dionisius
949 1793 991 1825 de
1016 1791 1228 1832 Cermenate,
1253 1794 1316 1824 etc.
1352 1791 1462 1826 abbas
1478 1806 1493 1819 ι
1524 1801 1542 1825 e
1562 1791 1614 1834 gli
1636 1791 1714 1825 altri
1746 1792 1900 1825 canonici
1920 1790 2120 1834 confessam
2149 1800 2225 1825 «v

493 1870 495 1892 Β
714 1891 716 1895 Β
746 1855 968 1888 reverendum
995 1857 1123 1897 patrem
1149 1855 1325 1887 dominum
1349 1855 1484 1888 fratrem
1510 1853 1750 1888 Dominichum
1767 1854 1810 1887 de
1828 1853 1978 1887 Furlivio
1998 1862 2095 1888 sacre
2129 1808 2241 1888 thoolf-'³

478 1918 676 1960 magistrum
702 1918 917 1960 prioremque
942 1917 1080 1950 fratrum
1106 1915 1254 1959 Capituli
1280 1919 1313 1950 et
1334 1915 1536 1951 Conventus
1553 1915 1694 1950 Ordinis
1719 1916 1962 1950 Heremitarum
1987 1917 2096 1963 saneti
2120 1915 2150 1950 A

479 1980 655 2021 papiensis
672 1994 686 2007 »
717 1979 840 2012 d¹aver
860 1980 1002 2012 ricevuto
1034 1990 1048 2003 «
1076 1979 1195 2012 soldos
1219 1980 1338 2013 decem
1355 1981 1388 2012 et
1404 1981 1482 2013 octo
1498 1981 1532 2013 et
1555 1979 1715 2012 denarios
1739 1980 1817 2012 octo
1842 1979 2058 2021 papienses...
2094 1987 2158 2022 pro

479 2042 557 2074 anni
584 2042 716 2075 unius...
743 2042 825 2074 finiti
852 2043 884 2074 in
909 2042 997 2075 testo
1021 2043 1130 2075 sancti
1145 2042 1283 2075 Martini
1301 2051 1398 2084 prox.
1417 2042 1587 2084 preterito,
1601 2042 1828 2085 perticharum
1842 2050 1906 2075 sex
1919 2043 1952 2075 et
1967 2041 2159 2081 tabularum

479 2104 668 2144 sediminis,
694 2107 725 2137 et
761 2104 898 2137 alterius
935 2105 1113 2137 sediminis
1149 2105 1352 2138 tabullarum
1381 2107 1537 2147 quatuor,
1563 2105 1701 2145 ibidem,
1726 2105 1759 2137 in
1796 2102 1997 2138 Citadella...
2021 2105 2065 2138 de
2088 2104 2173 2147 quib

480 2166 666 2199 diminibus
690 2167 726 2200 fit
751 2167 876 2200 mentio
901 2168 933 2199 in
958 2168 1124 2200 sententia
1149 2168 1411 2201 arbitramentali
1437 2168 1527 2202 aliax
1554 2168 1652 2202 lata...
1678 2176 1770 2215 per...
1796 2166 1837 2200 D.
1853 2165 2052 2201 Cosmatum
2077 2166 2165 2201 tituli

481 2227 603 2262 Crucis
627 2230 659 2262 in
686 2229 866 2262 Ierusalem
893 2230 1117 2271 presbiterum
1143 2228 1369 2264 Cardinalem.

572 2291 686 2325 Notar.
714 2292 857 2325 lacobus
882 2293 924 2325 de
950 2291 1115 2326 Canibus.

1271 2495 1536 2536 CXXVII.

574 2601 603 2630 11
629 2601 752 2631 Priore
778 2602 868 2631 frate
893 2602 1090 2633 Domenico
1115 2604 1160 2633 da
1186 2604 1283 2633 Forli
1309 2604 1352 2634 ed
1377 2604 1402 2633 il
1426 2609 1656 2642 procuratore
1681 2606 1771 2636 frate
1799 2606 1961 2637 Luehino
1985 2606 2088 2638 Conti
2122 2573 2315 2646 ριςαιιέ
2293 2583 2302 2591 ’Β

486 2653 585 2683 soliti
610 2654 715 2684 annui
739 2655 838 2684 censi
863 2655 898 2684 ai
923 2656 1093 2685 canonici
1117 2657 1284 2693 regelari,
1311 2657 1322 2686 i
1347 2658 1444 2695 quali
1468 2658 1634 2688 rifiutano
1658 2659 1695 2689 di
1711 2659 1902 2690 rinnovare
1925 2659 1961 2690 la
1985 2659 2198 2691 investitura
2212 2658 2293 2691 di
2283 2683 2318 2706 Β.

488 2707 628 2744 piccolo
653 2708 802 2738 sedime.

1083 2779 1240 2812 1399,
1269 2783 1615 2815 novembre,
1641 2782 1719 2809 18.

970 2866 1047 2892 (Arcti.
1064 2867 1086 2889 di
1101 2866 1178 2894 Stato,
1194 2868 1282 2890 Milano
1297 2879 1323 2883 -—
1338 2868 1444 2896 Pergam.
1461 2869 1483 2891 di
1499 2869 1522 2892 S.
1539 2869 1618 2893 Pietro
1632 2871 1655 2893 in
1670 2870 1719 2894 ciel
1733 2871 1824 2898 d'Oro).

598 2992 647 3108 Ι
735 3013 759 3040 Ν
785 3010 919 3043 nomine
943 3010 1080 3044 Domini
1109 3011 1227 3045 Amen.
1253 3012 1353 3046 Anno
1369 3023 1389 3047 a
1406 3015 1582 3048 nativitate
1606 3016 1758 3049 eiusdem
1777 3016 1956 3050 millesimo
1986 3019 2226 3052 trecentesimo

730 3075 732 3110 i
759 3073 935 3112 nagesimo
960 3082 1061 3113 nono,
1086 3075 1232 3116 septima
1257 3076 1452 3116 indictione,
1476 3077 1532 3110 die
1555 3078 1690 3111 decimo
1714 3081 1838 3112 octavo
1862 3079 1990 3114 mensis
2007 3081 2215 3122 novembris,
2231 3077 2337 3121 hori]

730 3135 733 3170 ί
759 3134 948 3167 terciarum.
974 3135 1007 3168 ln
1033 3136 1151 3179 Papia,
1188 3138 1345 3172 videlicet
1381 3140 1414 3172 in
1451 3140 1600 3174 claustro
1625 3140 1830 3183 infrascripti
1866 3142 2060 3176 monasterii
2091 3143 2200 3176 saneti
2224 3127 2354 3181 ΙῑίτίιΐῇἷΔ
