2496 3600
1997 272 2035 312 71

218 406 363 446 teneant,
386 405 567 449 gaudeant,
591 406 803 448 possideant,
828 407 861 439 et
877 408 976 448 quasi
1001 407 1154 449 predicta
1177 409 1290 442 omnia
1314 411 1347 442 et
1370 409 1505 452 singula
1530 411 1689 452 superius
1713 412 1861 451 vendita,
1883 412 2040 452 traddita,

217 464 252 503 et
273 468 346 502 iura
369 476 469 502 cessa
503 477 580 502 cum
616 468 828 509 accessibus,
865 469 1078 512 ingressibus
1102 472 1135 504 et
1159 471 1318 504 omnibus
1353 472 1427 504 suis
1463 472 1594 505 iuribus
1619 474 1652 506 et
1676 473 1896 515 pertinenciis
1933 474 1965 506 in
1991 474 2041 506 in-

217 531 357 573 tegrum.
382 529 423 563 Et
446 539 523 563 cum
547 539 649 563 onere
674 530 777 563 dandi
803 533 835 564 et
860 531 1016 564 solvendi
1035 532 1067 565 in
1084 532 1172 566 festo
1190 531 1304 566 Sancti
1330 533 1467 566 Martini
1493 535 1649 576 proxime
1667 535 1849 574 veniendo,
1866 537 1899 568 et
1916 536 2041 568 deinde

218 591 308 625 omni
331 600 420 624 anno
444 600 580 633 semper
603 592 636 624 in
661 591 749 625 festo
774 591 888 626 Sancti
913 593 1050 626 Martini
1076 594 1186 627 eidem
1211 595 1350 628 domino
1374 594 1499 628 Abbati
1524 598 1558 629 et
1582 595 1755 629 Fratribus
1773 598 1805 629 et
1822 606 1938 629 eorum
1963 606 2042 630 suc-

103 630 137 670 '⁷³‘
188 703 191 706 Α
217 653 413 687 cessoribus
436 653 551 686 fictum
575 655 608 686 et
633 654 768 687 nomine
792 654 860 687 ficti
886 655 928 688 de
953 656 1107 697 predicto
1143 657 1308 690 sedimine
1345 657 1504 691 denarios
1541 658 1788 701 quinquaginta
1813 660 1959 700 quatuor
1983 668 2044 700 pa-

217 715 365 758 pienses,
389 714 549 748 videlicet
572 716 616 748 ad
641 716 812 749 racionem
838 717 939 750 unius
975 718 1104 751 denarii
1141 719 1319 760 papiensis
1343 728 1405 761 pro
1430 719 1583 761 qualibet
1618 720 1745 760 tabula,
1770 721 1851 762 quia
1875 721 1925 754 sic
1950 721 2042 754 stetit

217 778 436 832 pegpactum
460 779 537 810 ante
562 779 754 819 presentem
780 779 1017 812 vendicionem
1043 782 1075 813 et
1099 782 1176 814 ante
1202 781 1234 813 in
1260 781 1345 822 ipsa.
1372 781 1413 814 Et
1438 781 1480 814 de
1506 782 1592 824 ipsis
1615 782 1741 815 faciant
1777 783 1944 824 quidquid
1981 792 2041 815 vo—

217 839 336 873 luerint
359 839 433 872 sine
457 840 710 873 contradicione
746 841 913 874 dictorum
949 842 1077 874 domini
1114 842 1260 876 Abbatis
1284 845 1317 876 et
1342 843 1492 876 Fratrum
1518 845 1550 877 et
1574 853 1690 877 eorum
1716 853 1956 878 successorum
1982 854 2044 878 no-

217 901 304 935 mine
328 901 408 934 dicti
433 903 638 935 monasterii:
664 902 705 935 Et
729 889 947 936 cumeorum
984 913 1170 946 eorumque
1207 914 1447 939 successorum
1484 893 1618 940 nomine
1644 907 1724 940 dicti
1749 908 1944 940 monasterii
1970 907 2044 940 def-

215 963 387 998 fenssione
411 964 455 997 ab
479 965 570 997 omni
595 974 743 1007 persona
767 967 800 999 et
825 966 1064 1000 universsitate
1083 977 1159 1000 cum
1178 968 1314 1001 racione
1340 969 1580 1010 predictorum,
1598 971 1631 1002 et
1648 970 1709 1002 erit
1726 979 1788 1011 pro
1812 969 1902 1002 facto
1928 971 1960 1002 et
1985 979 2043 1003 oc-

215 1026 358 1060 caxione
383 1026 549 1059 dictorum
575 1027 702 1060 domini
728 1027 873 1062 Abbatis
898 1030 930 1061 et
954 1028 1105 1062 Fratrum
1142 1030 1278 1063 nomine
1314 1031 1395 1063 dicti
1433 1032 1628 1064 monasterii
1654 1033 1686 1064 et
1711 1032 1821 1074 ipsius
1846 1033 2040 1065 monasterii

214 1089 342 1122 tanturn
366 1089 399 1121 et
422 1097 490 1121 non
515 1088 612 1122 aliter
642 1098 704 1122 nec
740 1089 808 1122 alio
844 1090 947 1123 modo
983 1091 1063 1132 quia
1087 1091 1137 1124 sic
1162 1092 1254 1124 stetit
1279 1092 1365 1125 inter
1388 1101 1449 1125 eos
1474 1101 1535 1134 per
1559 1094 1706 1134 pactum.
1733 1093 1773 1126 Et
1798 1094 1843 1126 ita
1867 1094 1947 1127 dicti
1981 1094 2043 1127 do-

214 1150 324 1183 minus
348 1149 467 1183 Abbas
491 1152 524 1183 et
548 1150 681 1184 Fratres
706 1152 841 1184 nomine
867 1152 947 1185 dicti
973 1153 1167 1186 monasterii
1193 1156 1427 1187 convenerunt
1451 1156 1484 1187 et
1508 1155 1756 1196 promisserunt
1791 1155 1901 1188 eidem
1936 1156 2040 1189 Fratri

214 1211 415 1255 Augustino,
440 1212 615 1255 stipulanti
652 1214 787 1247 nomine
825 1213 965 1247 Ordinis
1001 1215 1237 1257 suprascripti,
1262 1216 1436 1249 attendere
1462 1218 1494 1249 et
1518 1217 1703 1250 observare
1728 1219 1791 1250 etc.
1817 1217 2041 1251 Interfuerunt

214 1273 405 1309 Bertolinus
429 1274 549 1316 Gatus,
575 1275 808 1318 Raynaldinus
833 1276 1069 1317 Mediabarba,
1095 1279 1127 1310 et
1151 1277 1344 1311 Bressanus
1369 1278 1535 1312 Ferarius.
1562 1278 1641 1312 Inde
1666 1281 1782 1313 testes.

301 1337 373 1380 Ego
398 1337 610 1380 Augustinus
635 1337 832 1372 Panizarius
857 1339 1018 1373 Notarius
1043 1340 1130 1373 hanc
1155 1342 1281 1373 cartam
1307 1340 1386 1373 mihi
1411 1341 1482 1373 fieri
1508 1341 1637 1374 iussam
1662 1342 1809 1375 traddidi
1835 1344 1868 1375 et
1892 1344 2025 1386 scripsi.

301 1399 373 1443 Ego
398 1399 608 1434 Rolandinus
633 1401 676 1434 de
701 1399 802 1435 Sistis
827 1401 988 1443 publicus
1013 1402 1190 1444 papiensis
1214 1402 1376 1436 Notarius
1401 1403 1488 1436 hanc
1525 1405 1651 1437 cartam
1688 1404 1784 1437 iussu
1817 1406 2041 1447 suprascripti

213 1460 392 1505 Augustini
417 1461 584 1495 Panizarii
608 1462 738 1496 Notarii
763 1463 900 1506 scripsi.

1012 1719 1240 1761 XXXII.

240 1830 244 1833 '
298 1826 328 1856 11
352 1820 508 1857 Cornune
532 1827 569 1857 di
593 1827 706 1857 Pavia
731 1828 885 1858 concede
910 1828 981 1866 agli
1005 1829 1202 1859 Eremitani
1226 1829 1320 1859 l'uso
1345 1829 1546 1868 dell'acqua
1571 1830 1666 1861 della
1699 1831 1838 1861 Carona
1870 1840 1932 1869 per
1964 1831 2040 1862 l’ir-

211 1879 390 1918 rigazione
414 1879 496 1910 dell’
508 1884 587 1911 orto
611 1889 630 1910 e
652 1889 716 1919 per
739 1881 751 1911 i
775 1881 923 1912 servizii
947 1882 1004 1912 del
1029 1882 1236 1913 Monastero
1259 1879 1322 1924 (1).

871 2004 1025 2037 1338,
1044 2010 1267 2038 marzo,
1287 1998 1378 2032 2'7'.

800 2092 879 2119 (Arcti.
907 2093 994 2116 Museo
1017 2093 1098 2116 civico
1121 2093 1144 2116 di
1169 2093 1248 2122 Pavta,
1274 2094 1349 2116 Pacco
1374 2094 1432 2120 417).

277 2277 398 2395 A
452 2294 532 2323 ΝΝΟ
556 2299 575 2323 a
600 2289 784 2323 Nativitate
809 2289 947 2324 Domini
979 2291 1166 2325 Millesimo
1200 2292 1432 2326 tricentesimo
1467 2293 1644 2335 trigesimo
1676 2294 1811 2333 octavo,
1848 2293 2034 2326 indictione

474 2354 583 2393 sexta,
608 2353 663 2386 die
688 2352 830 2386 Veneris
864 2354 1032 2396 vigesimo
1061 2355 1207 2397 septimo
1244 2356 1372 2389 mensis
1408 2356 1528 2396 martii,
1561 2356 1644 2389 hora
1678 2356 1924 2398 aliquantulum
1960 2358 2038 2389 ante

473 2415 655 2458 Vesperas,
691 2415 725 2448 in
761 2414 879 2457 Papia,
911 2416 944 2449 in
977 2416 1138 2450 domibus
1173 2416 1339 2452 Comunis
1375 2417 1481 2461 Papie
1517 2419 1739 2452 habitationis
1774 2418 1816 2451 D.
1853 2418 2038 2452 Potestatis

210 2473 315 2519 Papie
339 2479 372 2511 et
395 2487 456 2512 sue
480 2478 618 2518 familie,
643 2478 676 2511 in
701 2478 907 2512 anticamera
930 2478 1054 2512 Vicarii
1080 2481 1303 2522 suprascripti
1337 2481 1464 2514 domini
1497 2480 1693 2521 Potestatis,
1726 2481 1759 2514 in
1792 2490 1860 2523 qua
1890 2481 1974 2514 fiunt
2005 2483 2039 2514 et

210 2537 280 2572 fieri
305 2542 558 2574 consueverunt
581 2539 725 2573 consilia
749 2540 931 2573 duodecim
955 2539 1154 2583 Sapientum
1179 2540 1345 2576 Comunis
1370 2542 1488 2585 Papie,
1514 2543 1639 2576 ibidem
1677 2545 1867 2576 convocato
1892 2543 2038 2576 consilio

209 2599 374 2635 dictorum
413 2602 594 2636 duodecim
635 2601 834 2644 Sapientum
873 2601 1039 2636 Comunis
1069 2603 1186 2646 Papie,
1223 2613 1284 2646 per
1323 2604 1482 2638 Iacobum
1519 2605 1709 2638 Zaffrenum
1746 2605 1944 2638 servitorem
1970 2603 2039 2638 Co-

210 2663 321 2697 munis
355 2663 461 2706 Papie
486 2665 540 2698 die
566 2664 741 2704 hodierna,
765 2665 808 2697 de
833 2665 994 2698 mandato
1018 2666 1229 2699 honorabitis
1265 2667 1381 2700 militis
1417 2666 1458 2699 D.
1495 2666 1658 2699 Buschini
1695 2666 1895 2709 Mantegatii
1931 2666 2038 2709 Papie

209 2721 392 2759 Potestatis
415 2735 477 2768 pro
502 2726 726 2768 infrascriptis
751 2725 929 2766 faciendis,
955 2729 990 2759 ut
1015 2727 1126 2760 retulit
1150 2729 1183 2761 et
1208 2727 1307 2761 refert
1343 2728 1456 2761 dictus
1492 2729 1637 2761 servitor
1664 2728 1745 2761 dicti
1774 2726 1815 2761 D.
1852 2727 2037 2762 Potestatis

210 2785 310 2820 michi
335 2787 465 2821 notario
490 2787 716 2830 infrascripto,
741 2789 774 2821 et
805 2788 931 2821 ibidem
967 2791 1158 2822 convocato
1182 2791 1215 2822 et
1240 2791 1447 2832 congregato
1479 2790 1571 2823 dicto
1607 2787 1772 2829 Consilio,
1797 2790 1830 2822 in
1856 2799 1924 2832 qua
1956 2799 2038 2823 con-

209 2849 403 2891 gregatione
426 2849 561 2883 fuerunt
584 2851 617 2883 et
641 2851 720 2883 sunt
745 2849 948 2891 infrascripti
973 2859 1017 2883 ex
1042 2851 1276 2893 suprascripto
1301 2849 1455 2884 Consilio
1480 2851 1672 2891 duodecim,
1705 2853 1882 2893 presentes
1906 2853 1939 2885 et
1962 2852 2038 2885 exi-

263 3011 295 3039 (1)
307 3013 324 3036 n
338 3013 480 3038 documento
493 3015 507 3038 e
520 3015 544 3038 in
557 3015 676 3038 autentica
689 3015 842 3038 trascrizIone
856 3016 971 3038 cartacea.
980 3015 1040 3038 Em
1055 3015 1089 3038 di·
1142 3016 1203 3038 dena
1217 3016 1317 3039 fecunda
1330 3016 1425 3039 unvita
1439 3016 1477 3039 del
1491 3023 1571 3040 nuovo
1591 3016 1723 3046 Conventa,
1745 3017 1787 3040 che
1808 3018 1918 3046 r1usctva,
1933 3023 1947 3040 a
1962 3018 2029 3041 detta

212 3057 300 3080 noum
313 3057 336 3080 h
349 3058 428 3082 bum
441 3059 600 3087 disposizione
614 3059 652 3082 de!
666 3059 780 3088 comune,
793 3061 836 3082 ene
850 3060 870 3082 si
884 3060 976 3082 sentiva
990 3062 1091 3083 onorata
1145 3060 1205 3088 degli
1220 3061 1291 3084 stessi
1306 3060 1411 3088 Sapienti
1425 3061 1463 3084 dcl
1477 3061 1591 3090 comune,
1606 3061 1629 3084 di
1644 3062 1754 3090 pubbuca
1768 3062 1854 3086 utilite.

213 3099 274 3124 deun
295 3101 416 3126 mutilena
439 3103 500 3131 degn
523 3103 649 3127 Eremitani
669 3110 684 3127 a
705 3103 729 3127 S.
743 3105 871 3132 Agostinog
886 3104 916 3127 ed
929 3104 943 3127 ὲ
957 3110 1003 3127 una
1017 3110 1091 3132 prova
