2496 3600
490 378 564 409 sua,
588 371 681 404 tanta
705 369 920 404 multitudine
944 370 1210 405 mendicantium
1234 370 1398 412 sociatus,
1422 372 1456 405 et
1480 371 1514 405 ln
1537 371 1748 416 pinguedine
1771 373 1881 407 terrae
1904 371 2099 408 foecundos
2123 374 2216 409 mani

492 431 631 475 colligit,
656 432 690 465 in
714 434 888 466 aeternum
913 432 1050 466 minime
1075 432 1255 476 perituros.
1280 431 1373 466 l-laec
1397 431 1519 467 Vestra
1542 431 1750 481 Domitiano,
1773 433 1910 470 cautius
1932 434 2098 479 negotiarl
2131 452 2137 463 ι
2170 451 2177 463 ·
2216 450 2220 462 ι
2274 479 2276 482 y

491 494 672 536 diligenter
694 494 847 528 decrevit
870 493 1017 535 efficere,
1042 502 1105 528 usa
1129 494 1275 528 consilio
1298 494 1437 536 saniori,
1460 494 1663 538 temporalia
1686 504 1750 538 pro
1773 495 1995 538 coelestibus,
2029 497 2224 533 transitoria
2296 520 2341 542 ,4

491 557 650 597 aeternis,
675 557 812 590 minima
836 566 899 600 pro
923 557 1082 590 maximis
1106 556 1343 599 permutando,
1367 557 1449 590 dum
1474 556 1596 592 oculos
1619 565 1705 592 suos
1739 557 1865 593 ditexit
1887 558 1933 593 ad
1957 558 2071 594 locum
2105 560 2216 595 sancti
2270 563 2342 606 -ῑζ,

492 619 618 662 gustinl
643 619 854 653 contessoris
878 620 911 653 et
935 618 1087 652 doctoris
1111 618 1228 652 eximii
1252 619 1296 652 de
1320 617 1439 662 Papia,
1463 619 1577 662 ipsum
1602 619 1716 654 locum
1751 620 1897 664 cupiens
1931 619 2175 656 beneficiorum
2210 630 2258 656 m

490 682 556 715 tica
580 682 732 724 largitate
757 681 908 715 construi
933 681 1046 714 tacere
1069 682 1172 723 atque
1198 681 1358 723 reparari,
1381 690 1459 732 cum
1483 682 1754 725 congruentibus
1790 682 1939 718 officinis
1960 680 2025 726 (1),
2059 684 2151 719 sicut
2179 683 2282 719 V
2337 710 2347 734 4.

491 744 741 787 Magnitudinis
766 744 895 777 litterae
920 745 953 776 et
976 743 1089 776 fratris
1114 742 1227 776 iacobi
1251 740 1305 785 (2)
1329 745 1363 777 et
1386 741 1588 778 Conventus
1612 744 1656 779 de
1680 743 1800 788 Papia,
1825 745 1906 780 mihi
1929 746 2034 780 modo
2065 746 2227 788 directae,
2271 764 2288 773 „⁴

492 808 647 849 pressius
672 807 875 840 intimarunt.
902 806 995 840 Haec
1020 807 1100 839 sunt
1124 815 1206 839 vere
1230 806 1383 847 divitiae,
1404 815 1496 849 quae
1521 816 1589 841 non
1624 807 1809 850 explendis
1832 808 2070 852 voluptatibus
2093 810 2128 843 et
2148 808 2179 843 t·
2218 824 2221 826 Α
2241 826 2245 839 ι
2263 824 2281 837 ιν

491 870 553 902 sed
579 869 830 912 congregandis
856 868 1030 902 Fratribus
1054 870 1088 902 et
1111 867 1256 908 alendis,
1281 877 1342 911 per
1365 877 1430 903 vos
1454 871 1715 913 congregantur,
1739 872 1774 904 et
1796 873 2036 915 congregatae,
2059 870 2298 907 misericord

491 931 735 973 dispensantur
758 931 917 972 personis
941 932 974 964 et
998 930 1212 973 temporibus
1235 930 1450 973 opportunis.
1476 931 1570 965 Haec
1594 933 1674 966 sunt
1697 931 1849 975 gloriosa
1872 932 2010 976 palatia,
2027 933 2062 967 in
2084 933 2213 976 qulbus
2245 950 2250 960 ·
2280 974 2310 982 .-

491 1002 592 1035 peres
617 992 679 1026 Dei
706 993 937 1035 hospitalitate
961 994 1128 1033 tenentur,
1153 993 1272 1026 divino
1296 993 1401 1027 cultui
1427 994 1673 1037 mancipantur,
1697 996 1732 1028 et
1754 995 1789 1028 in
1813 994 1865 1029 eis
1889 1004 1957 1029 non
1981 995 2183 1032 histrionum
2221 983 2315 1044 mss⁴

492 1056 587 1088 lenae
613 1058 645 1088 et
670 1056 774 1088 verba
799 1055 987 1097 prophana,
1013 1056 1074 1089 sed
1100 1057 1222 1089 cantus
1246 1057 1279 1089 et
1303 1055 1562 1090 ecclesiasticus
1586 1058 1620 1090 et
1643 1055 1802 1098 devotus,
1826 1065 1904 1091 cum
1928 1057 2119 1092 orationum
2147 1065 2167 1092 s
2187 1065 2204 1087 ι’·

493 1118 700 1160 impenditur
723 1120 756 1151 et
780 1118 925 1151 auditur.
953 1117 1046 1151 Haec
1071 1120 1151 1151 sunt
1174 1127 1272 1152 arces
1295 1118 1513 1159 fortissimae,
1537 1119 1571 1152 in
1595 1118 1724 1161 quibus
1747 1119 1836 1153 tides
1867 1121 1983 1154 vestra
2005 1121 2060 1154 est
2081 1114 2320 1168 totaliterf.¹

492 1181 614 1220 nenda,
640 1181 720 1222 quia
745 1181 848 1214 nullis
873 1182 990 1223 patent
1015 1181 1160 1221 insidiis,
1185 1181 1288 1214 nullis
1312 1181 1541 1215 succumbunt
1565 1181 1743 1222 molestiis,
1768 1182 1872 1216 nullis
1902 1183 2066 1225 potentiis
2099 1191 2211 1218 occu·
2221 1197 2247 1211 ·

493 1242 712 1285 Quapropter
736 1243 877 1279 Vestrae
903 1243 1049 1276 devotae
1074 1243 1362 1286 Magnificentiae,
1387 1243 1524 1277 nomine
1549 1242 1690 1278 Ordinis
1714 1244 1779 1278 mei
1803 1246 1837 1278 et
1861 1243 2013 1279 Fratrum
2045 1245 2127 1279 dicti
2162 1243 2276 1306 congio

493 1308 558 1345 tus,
596 1306 723 1348 gratias
749 1305 857 1339 refero
883 1305 1123 1339 condecentes.
1149 1304 1244 1339 Sicut
1269 1306 1357 1339 enim
1383 1306 1524 1348 expedit
1547 1306 1650 1340 fidem
1675 1306 1843 1349 predicari
1867 1308 1902 1341 et
1925 1308 2156 1342 commendari
2188 1323 2203 1336 a

498 1369 592 1408 tium;
618 1369 663 1401 ita
688 1368 815 1411 gratias
841 1368 974 1408 referre,
1001 1368 1090 1401 unde
1115 1368 1223 1410 gratia
1248 1369 1314 1401 iam
1350 1368 1530 1410 processit,
1563 1377 1652 1411 quae
1687 1369 1752 1403 etsi
1777 1369 1811 1402 in
1835 1369 2045 1404 conterendo
2079 1379 2147 1405 non
2187 1385 2204 1409 μ

495 1431 555 1464 sed
583 1431 734 1464 debitum
761 1433 931 1473 operatur,
956 1431 989 1463 in
1015 1439 1084 1472 quo
1109 1440 1176 1463 non
1202 1431 1354 1464 debitum
1379 1431 1442 1464 sed
1467 1432 1575 1474 gratia
1599 1431 1867 1472 commendatur;
1885 1432 2096 1476 melioraque
2112 1431 2219 1467 Ordo
2281 1470 2293 1481 .›

492 1496 661 1526 mereatur
686 1494 874 1535 suscipere,
900 1494 957 1535 qui
983 1493 1107 1526 collata
1131 1494 1223 1527 bona
1247 1503 1314 1526 non
1339 1494 1504 1536 probatur
1527 1494 1715 1528 ammittere
1739 1496 1772 1528 et
1796 1496 1833 1528 ut
1854 1497 1923 1528 tam
1955 1494 2050 1539 larga
2093 1505 2150 1530 mu
2197 1499 2212 1526 i
2250 1498 2252 1500 ’
2279 1481 2307 1504 *³⁴*

494 1557 668 1598 predicata
694 1557 855 1598 exemplo
880 1557 932 1589 sui
959 1557 1098 1589 inducat
1123 1556 1208 1590 alias
1233 1565 1355 1590 manus
1379 1557 1564 1590 extendere
1589 1557 1655 1590 iam
1680 1559 1884 1605 contractas;
1909 1558 2071 1600 quoniam
2095 1558 2191 1601 quod
2208 1550 2274 1594 'a‘

493 1620 686 1661 perioribus
711 1620 831 1662 agitur,
856 1619 956 1652 facile
981 1619 1124 1652 trahitur
1147 1629 1166 1652 a
1191 1619 1366 1652 subditis
1358 1629 1392 1652 in
1409 1620 1616 1662 exemplum.
1639 1618 1737 1659 Quas
1757 1621 1885 1663 gratias
1908 1621 2070 1663 existimo
2093 1621 2219 1655 cond·
2284 1613 2297 1622 ἐ

492 1683 643 1715 redditas
680 1685 712 1715 et
759 1682 905 1722 oblatas,
930 1691 1008 1715 cum
1033 1691 1095 1724 per
1119 1691 1172 1715 me
1197 1684 1230 1715 et
1263 1682 1397 1716 Fratres
1430 1691 1536 1722 meos,
1573 1683 1666 1725 apud
1702 1692 1792 1725 quos
1816 1692 1884 1716 non
1908 1685 2087 1727 argentum
2122 1684 2210 1718 ita-1
2237 1689 2279 1710 ί

490 1754 621 1784 aurum,
658 1747 738 1778 vota
777 1746 996 1787 porriguntur
1019 1747 1052 1778 et
1077 1754 1198 1787 preces
1234 1745 1402 1778 altissimo
1442 1743 1595 1779 Creatori
1632 1755 1695 1788 pro
1730 1748 1866 1780 vestrae
1901 1746 2187 1789 peregrinationis
2209 1732 2316 1797 ’νχῇζ

491 1808 578 1840 iuste
616 1809 648 1840 et
684 1807 829 1840 fideliter
864 1808 1101 1840 consumando
1126 1809 1159 1840 et
1183 1817 1310 1841 corona
1346 1808 1494 1841 iustitiae
1519 1808 1553 1840 in
1578 1807 1751 1842 coelorum
1791 1808 1934 1851 imperio
1969 1808 2195 1852 providenda,

491 1879 544 1902 rne
570 1872 602 1902 et
635 1870 769 1903 Fratres
794 1869 935 1903 Ordinis
971 1870 1036 1903 mei
1073 1870 1219 1910 efficere,
1255 1870 1399 1903 sinceris
1435 1870 1616 1904 affectibus
1655 1870 1797 1904 Vestrae
1833 1869 2038 1905 Celsitudini
2076 1871 2222 1912 offero„

491 1932 667 1965 habemus.
704 1931 829 1965 Datum
855 1931 993 1972 Romae,
1019 1932 1074 1965 die
1102 1932 1142 1965 18
1167 1932 1287 1972 martii,
1311 1941 1402 1965 anno
1430 1932 1525 1966 1358.

548 2090 578 2115 (1)
593 2090 612 2112 Α
628 2091 712 2117 queste
727 2090 860 2116 elargizioni
877 2090 914 2111 del
933 2090 1053 2112 marchese
1069 2090 1091 2111 di
1113 2089 1259 2112 Monterrato
1280 2090 1300 2112 si
1323 2089 1382 2112 deve
1436 2090 1554 2116 Τοκειιι,
1569 2090 1614 2112 loc.
1630 2090 1671 2112 cit.
1694 2090 1728 2112 Ed
1749 2090 1762 2112 e
1783 2090 1863 2112 molto.
1878 2090 2023 2118 Importante
2042 2090 2086 2113 ebe
2108 2089 2132 2113 dl
2152 2089 2190 2115 do
2208 2084 2233 2116 U

495 2135 681 2162 probabilmente
695 2140 752 2161 gran
768 2136 835 2161 parte
850 2134 910 2156 delle
925 2135 1068 2156 costruzioni
1090 2135 1216 2156 accennate
1231 2135 1267 2156 nei
1283 2134 1335 2156 doc.
1358 2140 1379 2156 n.
1435 2135 1515 2162 conto,
1530 2139 1557 2157 se
1571 2134 1591 2157 sl
1605 2134 1676 2157 vuole
1690 2135 1730 2162 pol
1745 2135 1900 2162 pronunciare
1913 2134 2043 2162 sull'opera
2056 2133 2080 2157 dl
2093 2133 2155 2158 inte
2175 2139 2183 2153 '¹
2202 2131 2205 2133 ἐ
2220 2147 2225 2152 ·

494 2180 561 2205 XLV,
577 2179 664 2206 XLVll,
687 2179 775 2201 XLVlll
791 2185 804 2201 e
818 2185 868 2206 seg.
891 2179 935 2201 Per
950 2179 971 2201 le
985 2185 1028 2201 sue
1051 2180 1218 2201 benemerenze
1239 2179 1284 2206 egli
1305 2185 1380 2201 aveva
1434 2179 1546 2206 giudizio,
1561 2179 1604 2201 die
1618 2179 1654 2201 sia
1668 2179 1773 2202 secondo
1786 2179 1897 2207 giustizh
1910 2185 1924 2202 e
1938 2178 2022 2207 veria,
2035 2184 2107 2202 enon
2118 2178 2222 2207 m

494 2225 530 2247 sul
546 2224 661 2251 principio
676 2224 712 2246 del
730 2224 781 2246 1358
795 2224 906 2246 richiesto
921 2223 950 2246 ed
965 2225 1075 2246 ottenuto
1085 2224 1107 2246 la
1118 2224 1267 2251 figliuolanza
1278 2224 1332 2246 dell'
1340 2223 1382 2246 Or·
1436 2224 1500 2251 patle
1515 2223 1547 2246 od
1561 2224 1675 2251 antipatie
1690 2224 1810 2251 politiam,
1824 2229 1916 2252 oppure
1930 2223 2048 2247 dall’eslto
2061 2223 2187 2247 tortum
2216 2230 2217 2234 ¹

494 2270 555 2291 dine.
572 2269 688 2291 Τοκειιι.
705 2268 751 2291 νοι.
767 2269 805 2295 Vl,
821 2274 875 2295 pag.
890 2269 924 2290 4ο.
1435 2270 1512 2296 gesta.
1537 2269 1554 2290 ll
1577 2269 1670 2291 soffrire
1690 2269 1765 2291 anche
1783 2269 1799 2291 il
1819 2274 1914 2292 carcere
1934 2274 1981 2291 non
2001 2269 2015 2291 ὲ
2038 2274 2071 2292 un
2091 2268 2184 2296 deluo,
2211 2269 2213 2271 ’
2295 2294 2309 2304 ἁ

548 2313 578 2339 (2)
594 2313 628 2335 Da
645 2314 730 2340 questo
745 2318 847 2335 accenno
862 2318 876 2335 a
891 2312 951 2334 irate
975 2312 1087 2335 Giacomo
1112 2313 1232 2335 Bussolari
1256 2318 1383 2340 emergono
1437 2313 1509 2335 molte
1523 2313 1588 2335 volte
1602 2313 1615 2335 e
1628 2314 1768 2340 argomento
1782 2312 1886 2336 d‘mlmo
1899 2313 1988 2341 grande
2001 2318 2016 2336 e
2029 2313 2099 2336 titolo
2112 2313 2136 2336 dl
2149 2317 2232 2337 ome.
2280 2305 2314 2349 :J
2326 2306 2327 2309 ¹

493 2359 652 2380 chiaramente
675 2358 696 2379 le
727 2358 805 2379 buone
828 2357 953 2383 relazioni,
978 2358 1020 2379 che
1044 2363 1173 2379 correvano
1194 2359 1230 2380 tra
1258 2358 1290 2380 lui
1312 2358 1342 2380 ed
1365 2358 1381 2380 ll
1434 2358 1520 2380 lazIonl
1541 2359 1578 2380 tra
1592 2358 1608 2380 ll
1623 2357 1744 2380 Bussolarl
1761 2357 1820 2380 edil
1841 2358 1966 2381 Marcium
1979 2357 2003 2380 dl
2016 2357 2164 2382 monfemto
2183 2361 2261 2385 en*
2287 2346 2310 2391 ἶ

494 2405 563 2425 santo
579 2402 691 2424 Generale
715 2401 828 2429 Gregorio
843 2402 873 2424 da
889 2401 978 2425 Rimini.
995 2402 1013 2424 Ε
1027 2402 1069 2424 che
1085 2403 1162 2429 questi
1184 2408 1268 2424 avesse
1289 2403 1312 2424 in
1333 2403 1381 2425 alta
1435 2403 1492 2425 note
1505 2408 1520 2425 a
1535 2402 1648 2430 Gregorio
1662 2402 1693 2425 da
1707 2402 1799 2431 Riminl,
1813 2408 1881 2425 come
1894 2403 1973 2425 chiam
1987 2402 2168 2426 testimoniam
2179 2407 2226 2430 nev

494 2447 564 2469 stima
579 2447 594 2468 il
609 2447 691 2468 nostro
706 2446 826 2468 Bussolari
841 2446 864 2468 lo
879 2451 953 2473 prova
967 2446 982 2467 ll
997 2446 1058 2468 fatto
1072 2447 1114 2468 che
1131 2446 1223 2469 avendo
1239 2447 1253 2468 il
1268 2446 1381 2469 Generale
1435 2448 1518 2470 nostro
1539 2447 1689 2470 documento.
1705 2447 1724 2470 E
1738 2453 1781 2474 per
1793 2447 1831 2470 cib
1844 2447 1883 2470 noi
1904 2453 1951 2470 nou
1971 2452 2105 2470 von-emmo
2124 2447 2168 2471 che
2187 2448 2251 2471 αι’
2268 2444 2271 2445 ’

494 2492 618 2513 rinnovato
632 2492 653 2513 ai
669 2491 783 2513 conventi
794 2490 937 2513 dell'Ordine
951 2491 1065 2518 l'obbligo
1075 2490 1135 2513 delle
1145 2491 1316 2513 contribuzioni
1326 2497 1341 2514 a
1350 2491 1383 2514 ta·
1436 2491 1525 2514 facilit&
1538 2491 1559 2514 si
1573 2491 1690 2519 ripetesse
1712 2493 1796 2514 contro
1810 2491 1826 2514 ll
1839 2492 1923 2514 nostro
1936 2491 1998 2514 tute
2019 2491 2134 2515 mmo
2153 2491 2182 2515 fl,
2215 2503 2221 2509 ι

494 2542 551 2558 vore
566 2536 625 2558 della
640 2535 745 2558 tabbrica
760 2535 782 2557 di
797 2535 821 2558 S.
832 2535 956 2563 Agostino‚
967 2535 1065 2563 designo
1076 2535 1107 2557 lui
1117 2536 1225 2563 generale
1236 2536 1381 2563 depositario
1436 2537 1513 2559 litans
1526 2536 1586 2564 Deo,
1601 2537 1711 2564 implicat
1723 2542 1751 2559 se
1764 2536 1870 2565 negotiis
1883 2535 2055 2559 sacertotibus.

496 2580 518 2601 di
534 2582 597 2602 tutto
612 2580 626 2601 il
642 2580 730 2602 denaro
745 2585 757 2602 e
772 2580 848 2606 primo
862 2579 1070 2606 sopraintendente
1085 2579 1145 2602 della
1168 2580 1274 2602 {abbrica
1295 2582 1380 2603 stessa.
