2496 3600
0 354 35 493 Tffgssjss'?
3 339 15 345 τ
2 322 5 323 ’

499 0 552 28 ἐξ

955 3 1041 30 J'Yssss
1065 4 1170 28 ’,ΒΑΝ-..χι
1186 7 1268 30 ¹⁷.
1290 16 1294 18 v
1315 18 1319 19 ⁷
1341 15 1362 30 q*
1415 23 1420 28 ,
1443 18 1463 26 »⁷
1490 19 1520 29 ,Μ
1542 7 1551 15 v
1619 27 1621 29 η
1642 6 1693 32 „Qvi
1722 11 1723 14 ,
1747 26 1750 28 η

849 21 854 31 ¹
909 27 911 31 ⁸
955 35 964 54 3'
988 23 1066 63 ·.””
1087 27 1181 54 ''w-³³⁶
1203 27 1290 56 ··.='·⁴‚;-'
1323 31 1352 55 ν’
1381 16 1540 63 ῑΝῙᾸΨᾺ,
1559 31 1626 62 nr*
1649 44 1670 62 a,
1702 33 1718 48 ¹³
1751 53 1759 60 ‚
1783 43 1805 64 ἰ

485 238 507 272 2

485 364 720 397 nedictionem.
746 363 899 397 Vestram
923 365 956 398 et
981 366 1168 398 vestrorum
1191 362 1356 398 Ordinum
1381 363 1546 397 condecet
1570 363 1781 398 honestatem
1805 365 1856 405 ut,
1879 364 2033 399 ordinate
2056 365 2207 400 caritatis
2233 367 2307 401 stu-

485 426 542 459 dio
566 426 785 466 desudantes,
810 434 914 468 super
938 426 1003 459 hiis
1027 435 1093 468 que
1117 428 1287 468 tamquam
1314 425 1443 468 ingrata
1467 425 1568 459 vobis
1591 427 1624 460 et
1648 426 1783 461 inimica
1807 426 1978 470 refugitis,
2009 427 2176 461 neminem
2200 427 2307 462 often-

485 488 564 522 dere
590 488 794 531 presumatis
818 485 880 530 (1).
906 487 991 521 l-linc
1017 491 1068 521 est
1092 488 1183 530 quod
1210 496 1273 523 nos
1308 487 1506 521 dilectorum
1546 487 1690 522 filiorum
1715 487 1865 522 Fratrum
1889 487 2029 523 Ordinis
2052 487 2305 523 Predicatorum

485 550 794 592 supplicationibus
819 550 978 590 inclinati,
1004 550 1212 583 universitati
1254 551 1366 583 vestre
1398 559 1460 592 per
1487 550 1677 593 apostolica
1713 551 1854 594 scripta,
1879 551 1912 584 in
1937 551 2058 585 virtute
2093 551 2305 592 obedientie,
2333 579 2339 583 .
2403 590 2408 602 ⁷

485 613 635 646 districte
660 613 880 655 precipiendo
912 613 1123 652 mandamus,
1153 614 1321 654 quatenus
1346 613 1375 646 si
1400 621 1488 655 quos
1513 612 1646 647 Fratres
1681 613 1792 656 ipsius
1826 612 1966 648 Ordinis
2000 611 2132 656 a'bsque
2167 622 2306 648 suorum
2351 621 2357 627 ·
2393 611 2417 629 ³'

486 674 637 708 Priorum
663 675 765 717 petita
790 677 822 708 et
846 675 983 708 obtenta
1009 675 1142 708 licentia
1168 675 1356 717 recepistis,
1380 675 1490 708 eidem
1507 674 1638 716 Ordini‚
1663 676 1736 709 sine
1761 675 1922 710 dilatione
1944 677 1977 710 et
2001 675 2199 710 difficultate
2222 685 2307 719 qua-

486 738 576 777 libet,
603 738 775 770 restituere
801 737 976 770 studeatis.
1002 737 1075 770 Nos
1099 739 1209 770 autem
1235 737 1277 770 ad
1303 737 1566 780 precludendam
1592 738 1680 771 viam
1698 737 1821 772 similia
1837 738 1870 771 in
1888 740 2060 781 posterum
2077 737 2306 781 presumendi,

486 800 682 833 auctoritate
708 799 913 841 presentium
939 799 1124 832 districtius
1149 799 1342 833 inhibemus
1366 809 1418 840 ne,
1448 802 1603 843 pretextu
1640 809 1929 843 quarumcumque
1954 800 2136 834 litterarum
2171 809 2192 834 a
2214 798 2304 835 Sede

486 862 674 904 apostolica
699 861 898 904 generaliter
922 863 954 894 et
978 861 1171 903 specialiter
1202 862 1413 895 obtentarum
1438 864 1471 895 et
1494 862 1772 902 obtinendarum,
1804 871 1871 904 que
1906 862 1948 895 de
1985 862 2201 904 presentibus
2235 862 2309 906 ple-

487 933 561 956 nam
588 926 619 956 et
644 932 842 965 expressam
879 933 945 956 non
981 923 1120 956 fecerint
1157 924 1377 964 mentionem,
1414 925 1446 957 in
1479 926 1652 967 posterum
1688 924 1768 958 dicti
1794 923 1933 959 Ordinis
1964 924 2098 958 Fratres
2131 924 2309 968 professos

486 987 558 1018 sine
580 985 708 1027 prefata
734 986 866 1018 licentia
892 986 924 1018 in
942 984 1130 1019 Ordinibus
1154 986 1278 1019 vestris
1302 986 1517 1029 aliquatenus
1534 986 1715 1026 admitatis‚
1733 995 1772 1020 ac
1789 986 2012 1020 decernentes
2029 986 2248 1021 nihilominus
2265 986 2309 1021 ir·

488 1049 583 1080 ritum
609 1050 641 1080 et
666 1048 764 1080 inane
789 1048 950 1089 quicquid
977 1057 1037 1090 per
1061 1057 1124 1081 vos
1148 1050 1264 1081 contra
1290 1055 1486 1091 preceptum
1511 1050 1544 1082 et
1569 1049 1801 1082 inhibitionem
1830 1051 1979 1083 nostram
2007 1058 2112 1092 super
2134 1049 2199 1083 hoc
2227 1058 2310 1084 con-

486 1111 596 1152 tigerit
620 1110 820 1151 attemptari.
847 1109 972 1143 Eadem
1002 1111 1199 1144 auctoritate
1232 1111 1412 1144 statuimus
1448 1113 1483 1144 ut
1519 1113 1754 1154 presumentes
1789 1112 1935 1145 scienter
1969 1113 2086 1146 contra
2114 1111 2339 1147 huiusmodi-
2391 1107 2413 1135 ἶ

487 1174 682 1214 preceptum
708 1174 740 1205 et
765 1173 996 1220 inhibitionem
1022 1173 1158 1215 propria
1182 1173 1367 1206 temeritate
1393 1174 1518 1214 venire,
1543 1174 1620 1216 ipso
1643 1174 1734 1207 tacto
1758 1174 1958 1208 sententiam
1982 1172 2310 1209 excomunicationis

488 1235 650 1274 incurant,
675 1244 694 1267 a
719 1244 786 1277 qua
811 1244 877 1267 non
903 1235 1036 1277 possint
1060 1235 1193 1268 absolvi
1219 1236 1284 1268 nisi
1309 1237 1510 1278 conspectui
1528 1234 1629 1270 Sedis
1652 1235 1841 1278 apostolice
1866 1236 2089 1278 personaliter
2111 1244 2150 1270 se
2170 1244 2311 1279 presen-

485 1299 565 1336 tent,
590 1297 633 1330 ab
658 1306 698 1330 ea
723 1297 817 1330 iuxta
842 1297 951 1339 ipsius
976 1298 1224 1340 providentiam
1248 1298 1462 1332 absolvendi.
1487 1298 1578 1331 Nulli
1603 1307 1685 1341 ergo
1709 1299 1847 1332 omnino
1879 1299 2052 1332 hominum
2089 1298 2188 1333 liceat
2221 1299 2310 1334 hanc

487 1360 645 1402 paginam
671 1361 783 1392 nostre
809 1360 1019 1393 inhibitionis
1044 1361 1076 1393 et
1100 1361 1352 1394 constitutionis
1377 1360 1556 1404 infringere
1593 1360 1646 1394 vel
1683 1361 1713 1394 ei
1738 1369 1823 1394 ausu
1848 1361 2026 1394 temerario
2060 1361 2237 1395 contraire.
2271 1358 2308 1397 si

487 1422 565 1463 quis
589 1423 700 1454 autem
727 1422 790 1454 hoc
816 1424 1013 1464 attemptare
1038 1423 1283 1464 presumpserit
1308 1422 1572 1465 indignationem
1602 1422 1843 1464 omnipotentis
1867 1421 1931 1456 Dei
1956 1425 1989 1456 et
2012 1423 2187 1456 beatorum
2217 1420 2318 1461 Petri·

487 1486 520 1516 et
545 1483 639 1516 Pauli
666 1483 897 1525 apostolorum
935 1484 1008 1517 eius
1033 1493 1070 1517 se
1095 1485 1227 1517 noverit
1262 1485 1484 1518 incursurum.
1521 1483 1597 1518 Dat.
1623 1484 1778 1525 viterbii,
1815 1484 1854 1518 ΙΙΙ
1890 1493 1999 1518 nonas
2045 1485 2171 1526 marcii,
2194 1483 2312 1521 Ponti-

487 1546 608 1578 ficatus
634 1546 738 1578 nostri
764 1555 853 1578 anno
878 1548 1008 1588 quarto.

577 1608 650 1641 Nos
675 1609 784 1651 igitur,
810 1609 842 1641 in
868 1609 1019 1642 veritatis
1043 1609 1271 1642 testimonium
1296 1611 1329 1642 et
1353 1609 1534 1649 munimen,
1559 1609 1706 1652 sigillum
1732 1611 1883 1642 nostrum
1907 1609 2124 1652 presentibus
2148 1609 2313 1645 duximus
2342 1619 2346 1623 ’

487 1671 739 1713 apponendum.
765 1673 835 1704 Dat.
861 1670 1022 1711 Tholose‚
1048 1671 1080 1704 in
1106 1669 1265 1713 Capitulo
1289 1670 1458 1711 Generali,
1483 1681 1572 1704 anno
1597 1670 1732 1704 Domini
1758 1669 1996 1706 M⁰CC⁰LV111.

493 1831 578 1856 agosto
594 1829 645 1852 1256
659 1829 800 1851 Alessandro
816 1830 844 1852 lv
858 1835 932 1851 aveva
954 1835 1066 1852 concesso
1081 1830 1102 1851 ai
1117 1829 1258 1856 Guglielmiti
1283 1830 1304 1852 di
1329 1831 1377 1852 sot-

494 1874 561 1896 trarsi
577 1874 701 1896 all'unione
716 1874 752 1900 gia
768 1874 911 1904 proclamata
927 1880 939 1896 e
954 1874 976 1895 di
992 1882 1003 1892 «
1018 1875 1063 1896 sub
1077 1874 1156 1901 regula
1171 1874 1245 1896 sancti
1256 1874 1374 1896 Benedicti

494 1918 621 1940 secundum
632 1918 791 1940 institutiones
806 1918 883 1940 Sancti
895 1918 1009 1940 Guillelmi
1020 1924 1138 1940 remanere
1149 1918 1171 1940 in
1190 1919 1260 1940 solito
1271 1919 1352 1940 habitu
1362 1926 1373 1937 »

494 1963 601 1986 ΤοκΕΙ-ιι
617 1963 660 1984 loc.
676 1963 715 1984 cit.
732 1969 784 1990 pag.
800 1963 847 1985 553.
868 1963 918 1985 Una
941 1963 1002 1985 bolla
1017 1963 1039 1985 di
1055 1963 1196 1985 Alessandro
1212 1964 1240 1986 lv
1255 1963 1292 1985 del
1315 1964 1373 1990 1257,

494 2006 516 2031 (5
529 2006 643 2033 tebbraio)
658 2007 718 2028 dello
734 2007 878 2028 stessissirno
894 2008 973 2029 tenore
989 2007 1048 2029 della
1064 2009 1143 2029 nostra
1159 2007 1170 2029 ὲ
1186 2007 1320 2034 pubblicata
1337 2007 1374 2029 dal

494 2051 580 2072 Torelli
596 2051 648 2075 (loc.
665 2051 704 2072 cil.
721 2057 773 2078 pag.
795 2051 851 2078 593),
875 2057 911 2073 ma
933 2051 1041 2078 riguarda
1057 2052 1062 2073 i
1079 2052 1139 2073 Frati
1162 2052 1246 2073 Minori
1268 2057 1281 2073 e
1303 2057 1348 2074 non
1370 2052 1375 2073 i

495 2095 652 2117 Domenicani.
670 2095 751 2117 Donde
766 2096 785 2117 si
802 2096 871 2117 rileva
887 2096 928 2117 che
943 2096 958 2117 il
973 2096 1113 2117 sentimento
1131 2096 1152 2117 di
1175 2096 1284 2123 simpatia
1305 2101 1374 2118 verso

494 2140 524 2166 gli
541 2139 663 2161 Eremitani
679 2145 718 2161 era
734 2140 806 2161 molto
821 2142 908 2166 esteso,
923 2145 949 2161 se
964 2140 970 2161 i
986 2140 1099 2167 s'uperiori
1122 2140 1158 2162 dei
1178 2140 1223 2162 due
1238 2140 1318 2167 grandi
1333 2140 1375 2162 Or-

495 2184 540 2205 dini
556 2183 679 2206 dovettero
694 2184 728 2206 iar
750 2184 887 2206 intervenire
909 2184 1027 2206 1’autorita
1050 2185 1133 2211 papale
1147 2190 1161 2206 a
1176 2184 1265 2206 frenare
1287 2185 1301 2206 il
1323 2190 1376 2212 pas-

495 2229 576 2255 saggio
601 2228 636 2250 dei
652 2229 702 2250 loro
724 2229 824 2255 religiosi
846 2229 867 2250 al
890 2229 1032 2251 ricostituito
1053 2228 1139 2250 Ordine
1161 2229 1320 2256 Agostiniano.
1344 2229 1374 2251 Le

494 2273 592 2295 varianti
607 2273 641 2295 ira
656 2273 670 2295 il
685 2273 826 2295 documento
841 2273 877 2295 del
893 2273 976 2295 Torelli
992 2279 1004 2295 e
1019 2273 1033 2295 il
1049 2275 1129 2295 nostro
1144 2279 1202 2295 sono
1218 2274 1318 2300 minime,
1333 2279 1374 2300 per

495 2317 531 2339 cio
545 2323 591 2339 non
606 2318 709 2340 notiamo
724 2319 765 2339 che
780 2318 800 2339 le
815 2318 939 2340 diiterenze
953 2319 1018 2345 gravi
1040 2318 1076 2340 del
1101 2318 1175 2345 primo
1197 2318 1294 2344 periodo
1316 2318 1375 2340 della

1432 1829 1504 1852 Bolia.
1520 1830 1570 1852 Alia
1586 1830 1647 1852 bolla
1662 1831 1704 1852 che
1719 1830 1756 1852 noi
1772 1830 1945 1857 pubblichiamo
1958 1829 2037 1852 nunde
2051 1829 2252 1853 manmena
2263 1828 2316 1853 Pd-

1430 1876 1466 1896 tra
1481 1874 1503 1896 di
1518 1874 1660 1897 Alessandro
1675 1875 1705 1897 iv
1719 1875 1779 1902 degli
1796 1876 1817 1896 ll
1834 1874 1926 1902 Oiugxro
1935 1874 1973 1897 del
1989 1874 2048 1902 lm,
2062 1874 2148 1898 ditem
2160 1874 2184 1897 ai
2197 1873 2313 1903 sum

1429 1919 1571 1941 dell'Ordine
1586 1919 1752 1946 Domenicano,
1767 1925 1780 1941 e
1794 1919 1817 1941 di
1832 1919 1869 1948 cui
1884 1919 1936 1942 vedi
1950 1919 1974 1942 in
1988 1919 2104 1946 Toum-1,
2118 1918 2166 1942 vol.
2180 1917 2314 1947 an

1428 1964 1476 1991 620,
1491 1969 1535 1986 con
1550 1964 1595 1991 cui,
1610 1964 1631 1986 le
1646 1965 1707 1991 parti
1723 1965 1861 1991 scambiate,
1876 1964 1993 1992 proibisce
2006 1964 2028 1987 ai
2043 1963 2194 1987 nommant
2207 1962 2233 1987 (ΙΙ
2244 1968 2315 1991 ntu-

1430 2009 1500 2036 gliere
1515 2009 1551 2030 nel
1566 2009 1616 2030 loro
1631 2008 1725 2036 Ordine,
1741 2009 1842 2036 religiosi
1857 2009 1880 2030 di
1894 2007 1918 2031 S.
1938 2008 2053 2036 Agostino
2073 2013 2145 2031 senza
2165 2007 2254 2032 lim
2273 2005 2312 2033 dd

1431 2052 1547 2079 rispettivi
1562 2052 1685 2079 superiori.
2299 2061 2302 2064 ⁴

1481 2095 1512 2122 (l)
1526 2095 1616 2122 Questo
1632 2096 1729 2124 periodo
1743 2096 1756 2118 e
1771 2096 1827 2118 dato
1842 2096 1879 2118 dni
1893 2096 1979 2118 'rorem
1994 2096 2059 2118 cosi:
2074 2102 2086 2114 ¹¹
2100 2095 2244 2119 vum...
2256 2100 2313 2119 eu-

1429 2140 1497 2162 decet
1511 2142 1666 2168 honestatem,
1682 2142 1708 2164 ut
1722 2141 1829 2163 ordinate
1843 2141 1963 2163 charitatis
1977 2140 2057 2163 studio
2076 2139 2221 2164 duum
2238 2144 2312 2168 sm

1429 2185 1481 2212 hiis¹
1493 2191 1553 2212 quae
1564 2186 1676 2212 tanquam
1686 2186 1776 2212 ingrata
1791 2186 1862 2213 votis,
1873 2187 1896 2207 et
1907 2185 1976 2208 nimia
1991 2185 2106 2212 refugitis,
2115 2184 2312 2214 nemine-offl-

1429 2229 1484 2251 dere
1499 2221 1655 2256 praesumatis
1669 2237 1688 2251 ι.
1705 2229 1721 2251 ΙΙ
1736 2229 1877 2252 documento
1898 2229 1935 2252 dei
1949 2229 2036 2252 ‘sorelli
2056 2229 2103 2256 (lv.
2125 2234 2180 2256 pag.
2199 2228 2250 2256 m
2264 2233 2310 2255 ,αι

1428 2274 1585 2296 nell'archlvio
1599 2274 1659 2301 degli
1674 2274 1819 2301 Agostiniani
1833 2274 1856 2296 di
1871 2273 1894 2297 S.
1910 2273 2022 2297 OEacomo
2035 2274 2058 2296 in
2073 2273 2185 2302 Boium
