2496 3600
509 245 574 281 102

502 383 547 417 de
571 382 716 418 Astuliis
739 385 887 419 nuncius
910 386 947 419 ut
970 393 1086 428 supra,
1110 385 1224 420 retulit
1247 387 1281 420 et
1303 386 1392 420 dixit
1415 387 1509 430 quod
1533 395 1578 421 ex
1594 389 1702 431 parte,
1718 387 1949 431 impositione,
1965 389 2174 424 comissione
2189 390 2226 425 et

502 446 585 479 dato
610 446 720 488 ipsius
744 446 872 480 domini
897 446 1162 481 subexeeutoris
1185 449 1220 482 et
1242 448 1285 482 ad
1310 448 1510 491 petitionem
1550 449 1776 493 suprascripti
1799 449 1914 485 fratris
1941 449 2053 487 Rufini
2088 451 2214 495 prioris

503 515 705 551 Conventus
728 520 762 552 et
785 517 926 552 Ordinis
950 517 1102 551 Fratrum
1128 517 1386 560 Heremstarum,
1422 520 1634 563 presentavit
1668 521 1703 554 et
1736 521 1872 555 dimixit
1905 522 2160 567 suprascriptas
2191 522 2254 557 li·
2288 504 2342 555 3.

503 581 584 614 dicti
610 581 738 614 domini
763 581 1029 614 subexecutoris
1053 582 1086 614 et
1108 581 1184 614 eius
1208 580 1311 624 sigilli
1337 581 1565 624 impressione
1591 582 1754 624 munitas,
1779 583 2017 627 suprascripto
2041 584 2228 620 venerabili
2252 572 2346 635 ν

500 644 640 677 domino
663 643 755 677 fratri
781 643 906 677 Iacobo
922 643 1038 676 abbati
1056 645 1089 676 et
1105 643 1198 677 fratri
1223 641 1386 687 Georgio,
1409 644 1502 678 fratri
1528 643 1711 687 Apolonio,
1726 645 1820 679 fratri
1837 644 2045 688 Salimbene,
2068 646 2162 682 fratri
2179 646 2271 683 Aure

498 707 591 740 fratri
617 705 800 740 Guillelmo
825 707 858 739 et
881 705 974 739 fratri
1000 705 1188 739 Laurencio
1225 706 1402 741 canonicis
1425 707 1508 741 dicti
1533 708 1729 742 monasterii
1765 706 1881 742 Sancti
1917 707 2008 743 Petri
2044 709 2079 744 in
2114 709 2191 744 celo
2225 718 2260 745 a

499 770 687 812 papiensis.
714 768 765 802 De
790 769 919 811 quibus
943 768 1105 802 omnibus
1129 768 1243 805 dictus
1267 769 1429 803 dominus
1452 770 1687 804 subexecutor
1701 772 1735 804 et
1751 770 1866 805 dictus
1882 770 2076 806 lacominus
2092 773 2268 808 nunciusi

498 834 615 866 serunt
640 834 672 865 et
697 833 903 874 rogaverunt
926 831 998 864 fieri
1023 839 1168 873 presens
1200 831 1376 874 publicum
1412 832 1674 867 instrumentum
1699 842 1761 876 per
1783 842 1837 868 me
1865 833 2060 878 Roglerium
2095 833 2214 870 Straza
2247 851 2250 863 ι

497 896 676 935 notarium,
702 895 923 937 presentibus
947 895 1195 938 suprascriptis
1219 880 1394 928 Bertolino
1418 895 1525 929 Torto
1548 895 1619 930 filio
1643 896 1817 939 quondam
1841 895 2027 938 Pricivalli,
2051 896 2226 933 Bertolino
2271 904 2277 924 =
2298 881 2319 924 -ξ

495 958 572 991 zulo
596 958 666 991 filio
692 957 852 991 Iohannis
877 959 909 990 et
934 956 1071 990 Perollo
1095 957 1300 992 Maxenario
1323 957 1394 991 filio
1418 957 1616 999 Abramelli,
1640 959 1788 993 testibus
1811 959 1856 993 ad
1880 959 2035 1002 predicta
2058 961 2203 995 vocatis.

586 1021 658 1064 Ego
684 1020 864 1063 Roglerius
888 1019 1087 1063 Strazapata
1111 1021 1154 1054 de
1179 1022 1300 1054 sancto
1335 1020 1493 1054 Euxebio
1527 1021 1619 1054 filius
1654 1021 1828 1064 quondam
1866 1021 2008 1063 Zanoni,
2043 1022 2230 1066 pubblicus
2254 1010 2315 1075 Ι

494 1084 626 1126 piensis
662 1083 829 1126 imperiali
865 1083 1066 1117 auctoritate
1098 1084 1261 1124 notarius,
1286 1083 1373 1117 hanc
1397 1085 1524 1118 cartam
1549 1084 1651 1118 michi
1675 1084 1747 1118 fieri
1772 1084 1902 1118 iussam
1925 1087 1960 1119 et
1987 1086 2139 1129 rogatam
2176 1081 2293 1122 tr

495 1149 528 1180 et
558 1147 692 1188 scripsi.
2283 1147 2285 1149 ’
2310 1147 2311 1151 ’

585 1255 685 1288 Anno
710 1264 730 1288 a
755 1255 931 1288 nativitate
955 1253 1093 1288 Domini
1119 1254 1300 1288 millesimo
1323 1255 1563 1288 trecentesimo
1587 1255 1875 1298 quinquagesimo
1898 1257 2034 1296 octavo,
2059 1255 2340 1298 indictiones

493 1319 638 1358 decima,
652 1318 707 1351 die
733 1318 812 1351 lune
837 1318 1066 1351 decimonono
1090 1318 1220 1351 mensis
1243 1317 1376 1358 Marcii,
1402 1317 1485 1351 hora
1509 1318 1619 1351 sexte.
1645 1317 1679 1350 ln
1704 1316 1812 1360 Papia
1836 1317 1997 1352 videlicet
2013 1318 2047 1351 in
2064 1317 2160 1352 Atrio
2175 1327 2196 1353 e
2225 1319 2280 1362 uf
2301 1363 2313 1368 -

492 1380 608 1415 Sancti
634 1380 724 1414 Petri
750 1381 783 1413 in
809 1380 886 1414 celo
910 1389 1014 1414 aureo
1039 1380 1228 1422 papiensis,
1253 1380 1385 1413 scilicet
1410 1380 1506 1413 iuxta
1530 1381 1662 1422 portam
1687 1380 1849 1414 maiorem
1874 1380 1985 1422 ipsius
2001 1380 2159 1415 ecclesie.
2175 1375 2311 1422 VQ‘

492 1445 571 1477 bilis
589 1445 640 1477 vir
656 1444 817 1477 dominus
842 1443 1021 1476 Montinus
1046 1443 1089 1476 de
1114 1442 1308 1485 Buttigeliis
1331 1443 1596 1476 archidiaconus
1619 1443 1798 1485 papiensis
1821 1445 1855 1476 et
1871 1443 2148 1477 subexecutor....
2172 1465 2187 1471 ,,

497 1509 540 1541 sit
565 1510 597 1540 et
622 1507 724 1549 elegit
750 1507 782 1539 in
808 1515 892 1540 suos
917 1506 1155 1540 consciliarios
1180 1505 1363 1539 Iohannem
1389 1505 1609 1539 Trabuchum
1633 1507 1667 1539 et
1691 1505 1910 1539 lacomollum
1934 1490 2318 1541 Maxenarium>e‘³“*‘·’'

489 1572 544 1603 tos
569 1570 602 1602 in
627 1569 754 1602 talibus
779 1571 811 1602 et
836 1569 1003 1602 habentes
1028 1568 1188 1601 noticiam
1213 1568 1255 1601 de
1280 1567 1445 1610 predictis
1468 1567 1513 1601 ad
1537 1567 1604 1601 sibi
1629 1567 1879 1601 consulendum
1903 1567 1998 1610 quod
2014 1568 2077 1602 erit
2093 1567 2221 1603 iustum

488 1633 580 1665 cium
606 1632 836 1674 predictorum
862 1631 1079 1664 brachiorum
1105 1631 1269 1672 quinque,
1294 1632 1358 1663 etc.
1916 1626 1918 1630 ’

579 1749 717 1783 Eisdem
742 1758 843 1788 anno,
869 1748 1054 1781 indictione
1079 1749 1112 1780 et
1136 1747 1203 1787 die,
1228 1747 1311 1780 hora
1335 1747 1450 1780 circha
1473 1748 1507 1780 et
1531 1755 1650 1789 parum
1674 1748 1752 1780 ante
1778 1755 1913 1780 nonam.
1931 1746 1966 1780 In
1983 1745 2093 1790 Papia
2108 1746 2188 1781 vide

488 1813 582 1846 dicto
606 1813 692 1846 atrio
717 1814 749 1845 et
774 1812 870 1844 iuxta
894 1811 1020 1844 dictam
1046 1812 1189 1852 portam,
1214 1811 1278 1843 etc.
1304 1809 1339 1843 ln
1363 1810 1544 1852 presencia
1569 1809 1794 1852 suprascripti
1819 1809 1948 1842 domini
1972 1809 2132 1850 Montini,
2162 1810 2231 1845 ete.
2252 1802 2319 1863 -Ἰὲ

489 1876 620 1908 hannes
645 1875 851 1908 Trabuehus
875 1877 908 1907 et
933 1873 1138 1907 Iacomoilus
1162 1873 1248 1906 visis
1273 1873 1369 1915 prius
1393 1881 1455 1915 per
1477 1881 1540 1906 eos
1563 1873 1656 1906 dicta
1679 1872 1784 1906 domo
1808 1881 1870 1906 seu
1895 1871 2029 1906 caxella
2057 1871 2135 1906 solo
2152 1873 2210 1906 et
2236 1864 2321 1920 ’,ρξ’
2379 1867 2381 1870 ’

486 1940 520 1971 et
544 1938 646 1971 dictis
670 1938 821 1971 brachiis
852 1937 1004 1979 quinque
1029 1938 1062 1969 et
1086 1924 1292 1969 examinatis
1315 1937 1349 1968 et
1372 1935 1618 1968 deliberatione
1653 1935 1833 1977 prehabita
1868 1934 2158 1968 consuluerunt...
2192 1934 2241 1968 i·
2271 1919 2344 1961 ’ρ’”’”

487 2003 520 2034 et
545 2010 662 2034 verum
679 2000 831 2042 precium
849 1999 1160 2041 suprascriptorum
1178 1999 1394 2032 brachiorum
1419 1998 1572 2040 quinque
1589 1997 1848 2031 vendendorum
1865 1999 1901 2030 ut
1917 2005 2023 2040 supra
2038 2005 2118 2031 esse
2134 1982 2328 2042 libras'jss'ff‘

487 2063 746 2105 centumviginti
771 2062 1002 2104 papienses...
1028 2060 1198 2094 Dominus
1223 2060 1496 2094 Archidiaconus
1521 2062 1554 2093 et
1578 2060 1853 2093 subexecutor....
1886 2058 2090 2102 pronunciat
2112 2060 2147 2093 et
2168 2058 2205 2093 d
2239 2054 2329 2159 ’,ΙΙΙ

488 2127 615 2160 iustum
641 2128 674 2159 et
698 2135 815 2158 verum
842 2125 994 2167 precium
1019 2125 1187 2157 dictorum
1212 2124 1429 2157 brachiorum
1454 2123 1628 2165 quinque..
1631 2148 1650 2156 ..
1675 2131 1754 2156 esse
1779 2122 1885 2156 libras
1916 2121 2273 2165 ducentumvigintijw

487 2190 659 2231 pienses..
664 2187 921 2221 .Presentibus
946 2187 1108 2229 lacopino
1132 2187 1175 2219 de
1201 2185 1355 2219 Belbello
1379 2185 1401 2219 f.
1419 2195 1452 2227 q.
1477 2183 1655 2219 Castellini
1680 2187 1714 2219 et
1737 2183 1922 2219 Guillelmo
1939 2185 1982 2218 de
2000 2182 2199 2228 Georgiisf.
2214 2192 2288 2230 q.

486 2252 583 2292 berti,
609 2251 783 2285 Bertolino
807 2250 913 2283 Torto
937 2250 959 2283 f.
977 2259 1009 2292 q.
1035 2249 1232 2283 Princivalli
1258 2251 1291 2282 et
1315 2248 1489 2282 Bertolino
1513 2247 1643 2282 Bozulo
1667 2248 1689 2281 f.
1715 2247 1886 2281 Iohannis.

577 2314 650 2357 Ego
675 2314 856 2356 Roglerius
880 2312 1079 2354 Strazapata
1104 2312 1146 2345 de
1171 2313 1292 2345 sancto
1316 2311 1467 2344 Eusebio
1491 2310 1582 2344 iilius
1606 2310 1752 2344 condam
1776 2310 1906 2344 Zanoni
1930 2309 2117 2352 pubblicus
2139 2307 2270 2355 papi
2320 2359 2323 2361 ‚

487 2377 654 2420 imperiali
680 2377 881 2410 auctoritate
906 2376 1059 2408 notarius
1083 2377 1147 2408 etc.
