2496 3600
495 247 562 280 202

497 408 644 442 vendere
662 410 695 442 et
719 409 761 442 de
786 409 936 451 ipsarum
962 410 1076 452 precio
1100 409 1186 443 alias
1211 418 1320 443 emere
1345 409 1495 451 gliscunt
1518 418 1623 452 super
1646 410 1813 445 territorio
1837 413 1952 445 vestro
1975 410 2082 455 Papie
2107 411 2160 447 vel
2177 412 2246 447 alio

494 472 563 504 stre
588 471 809 505 dominationi
839 472 1032 514 supposito,
1050 480 1068 505 a
1094 472 1220 514 quibus
1252 471 1402 511 fomenta
1430 471 1546 513 vitalia
1570 472 1702 507 trahere
1729 474 1875 516 possint,
1899 474 2110 518 eisdemque,
2134 475 2323 518 devotione
2363 459 2364 462 Ἴ

496 533 584 566 beati
610 532 791 576 Augustini
818 543 877 576 per
903 534 1084 567 nonnullas
1110 534 1186 576 pias
1211 542 1378 576 personas
1411 533 1516 577 legari
1541 536 1575 568 et
1598 535 1720 569 dimitti
1754 535 1860 570 velint
1882 538 1951 570 tam
1976 537 2063 571 inter
2086 538 2187 572 vivos
2217 544 2321 581 quam
2365 562 2368 563 γ

496 596 528 629 in
555 596 671 630 ultima
696 596 880 636 voluntate,
907 596 1066 630 nonnulle
1091 597 1316 639 proprietates
1341 598 1374 630 et
1399 597 1488 631 bona
1513 597 1699 632 immobilia
1723 600 1839 632 vestro
1862 599 2019 634 subiecta
2042 599 2204 641 dominio,
2227 599 2328 644 quod
2361 624 2363 626 -

495 660 561 692 tam
581 659 666 701 ipsis
684 659 959 701 supplicantibus
977 667 1078 700 quam
1105 659 1300 692 huiusmodi
1326 660 1483 701 personis
1501 660 1637 702 penitus
1654 661 1854 703 prohibetur
1869 670 1931 704 per
1946 661 2089 696 formam
2106 662 2321 699 decretorum

492 724 527 755 et
551 723 751 769 statutorum
778 720 1002 755 Celsitudinis
1026 721 1203 763 prelibate,
1221 722 1358 764 penitus
1383 723 1635 765 prohibentium
1660 723 1795 766 aliquas
1819 724 2046 767 proprietates
2070 718 2262 760 immobiles
2284 725 2296 760 i

495 794 560 817 non
586 784 744 817 subditos
770 786 801 817 et
826 793 892 816 non
923 784 1130 818 sustinentes
1163 793 1265 818 onera
1290 793 1366 818 cum
1399 783 1581 819 Communi
1606 787 1639 819 et
1663 785 1860 820 hominibus
1892 786 1983 820 illius
2007 787 2156 821 civitatis
2179 789 2213 821 et
2235 789 2325 826 terre
2344 803 2366 831 g

492 847 560 880 sub
578 847 676 880 cuius
694 846 925 879 iurisdictione
951 846 1143 880 consistunt
1166 846 1299 889 absque
1323 847 1494 881 solutione
1518 847 1693 881 soldorum
1718 848 1836 882 decem
1854 858 1916 891 pro
1931 849 2085 892 qualibet
2108 850 2193 884 libra
2216 858 2269 893 pr
2285 849 2344 885 ν’

495 909 690 948 earundem,
717 909 802 941 inter
827 909 927 942 vivos
952 909 1005 942 vel
1033 909 1148 942 ultima
1173 910 1347 943 voluntate
1373 918 1477 952 posse
1501 910 1693 953 aliqualiter
1716 910 1871 944 alienari:
2307 903 2340 919 ”

584 971 749 1014 Dignetur
774 970 969 1004 Dominatio
994 972 1159 1014 prelibata
1183 973 1226 1006 de
1251 973 1304 1005 sui
1330 973 1431 1006 solita
1463 973 1682 1016 benignitate,
1707 974 1999 1016 contemplacione
2027 975 2201 1017 quondam
2225 984 2241 1008 r

495 1035 593 1068 lende
628 1035 788 1068 memorie
822 1035 991 1077 magnifici
1024 1035 1151 1068 domini
1185 1034 1357 1069 Genitoris
1389 1036 1504 1075 vestri,
1529 1036 1628 1070 cuius
1652 1045 1780 1078 corpus
1811 1037 1937 1070 residet
1961 1037 2008 1070 ibi
2039 1037 2239 1071 tumulatum

492 1098 600 1140 gratia
625 1097 766 1139 speciali
792 1097 920 1130 eisdem
950 1097 1226 1139 supplicantibus
1258 1098 1446 1132 concedere
1471 1107 1532 1140 per
1556 1107 1639 1132 suas
1664 1099 1791 1132 litteras
1815 1099 1996 1142 speciales,
2021 1100 2115 1142 quod
2139 1100 2182 1133 de
2207 1108 2247 1143 pr

494 1160 738 1202 proprietatum
771 1160 1028 1200 antedictarum,
1054 1169 1141 1202 quas
1171 1161 1317 1194 vendere
1351 1161 1503 1203 cupiunt,
1528 1163 1576 1195 tot
1600 1162 1686 1195 alias
1710 1170 1820 1195 emere
1852 1162 1987 1204 possint
2018 1170 2124 1205 super
2154 1162 2248 1197 territ

494 1222 624 1265 prefate
649 1221 880 1256 Dominationi
907 1223 1100 1265 supposito,
1117 1225 1150 1256 et
1167 1224 1259 1265 quod
1285 1224 1415 1257 eisdem
1441 1224 1584 1266 relinqui
1602 1226 1635 1258 et
1651 1225 1684 1258 in
1702 1225 1779 1266 pios
1797 1233 1882 1258 usus
1906 1224 2010 1267 legari
2028 1225 2102 1258 sive
2120 1225 2206 1258 inter
2221 1234 2243 1259 v

494 1286 570 1318 sive
593 1286 625 1318 in
651 1286 767 1318 ultima
793 1285 966 1319 voluntate
992 1285 1044 1318 vel
1069 1286 1164 1319 aliter
1188 1286 1447 1328 quomodolibet
1470 1289 1519 1320 tot
1544 1287 1770 1329 proprietates
1795 1289 1827 1320 et
1852 1287 1942 1320 bona
1966 1286 2154 1320 immobilia
2177 1292 2248 1330 quo

493 1348 624 1381 fructus
641 1350 674 1381 et
690 1348 844 1381 redditus
867 1348 1071 1381 florenorum
1097 1350 1322 1382 trecentorum
1348 1349 1496 1382 valorem
1522 1350 1694 1383 annuatim
1719 1358 1787 1382 non
1811 1349 1990 1388 excedant,
2007 1349 2111 1383 libere
2127 1351 2161 1383 et
2184 1349 2229 1383 im

493 1413 527 1444 et
552 1411 684 1452 absque
702 1411 853 1453 predicta
878 1411 1047 1443 solutione
1073 1412 1217 1452 possint,
1235 1411 1408 1454 aliquibus
1433 1412 1590 1451 decretis,
1615 1413 1751 1445 statutis
1767 1413 1800 1445 et
1816 1412 2073 1454 provisionibus
2098 1411 2228 1453 pretate

474 1462 687 1516 ¹gnificentie
713 1475 746 1506 et
770 1474 1018 1515 cuiuscumque
1042 1483 1103 1507 sue
1129 1475 1276 1507 civitatis
1294 1476 1327 1507 et
1344 1476 1428 1507 terre
1454 1475 1486 1508 in
1505 1475 1709 1508 contrarium
1735 1475 2000 1516 disponentibus
2025 1482 2243 1516 nequaquam

495 1537 676 1576 stantibus,
703 1539 737 1569 ut
763 1537 865 1569 vestri
899 1537 1005 1578 gratia
1031 1537 1210 1576 mediante,
1236 1537 1302 1578 ipsi
1328 1537 1420 1570 vitali
1453 1537 1610 1570 subsidio
1635 1537 1798 1577 destituti,
1824 1538 1857 1570 in
1882 1537 2002 1570 eadem
2034 1537 2180 1571 ecclesia
2203 1531 2238 1570 vi

494 1599 640 1640 possint,
665 1598 878 1631 Altissimum
903 1599 1046 1640 eiusque
1072 1597 1208 1632 Curiam
1242 1599 1508 1641 supercelestem
1534 1609 1595 1642 pro
1620 1600 1880 1633 conservatione
1905 1599 2009 1633 vestri
2037 1600 2148 1632 status
2179 1606 2239 1633 ass

495 1662 676 1703 precaturi.

585 1723 624 1756 Et
649 1724 738 1756 dicte
764 1724 1027 1765 supplicationis
1059 1725 1265 1757 continentia
1297 1724 1476 1766 diligenter
1500 1725 1637 1764 attenta,
1663 1724 1818 1757 volentes
1843 1724 1944 1757 dictis
1975 1721 2233 1766 supplicantibu

494 1786 635 1828 speciali
662 1787 769 1828 gratia
801 1786 1015 1828 complacere
1040 1789 1072 1819 et
1097 1787 1287 1828 specialiter
1312 1787 1357 1819 ob
1383 1787 1604 1820 reverentiam
1638 1787 1826 1820 beatissimi
1852 1785 2046 1829 Augustini,
2070 1786 2168 1820 cuius
2192 1794 2235 1820 co

497 1850 529 1881 in
555 1858 670 1882 eorum
695 1849 841 1882 ecclesia
866 1850 1059 1891 requiescit,
1078 1850 1284 1891 presentium
1309 1851 1425 1882 tenore
1451 1849 1671 1882 concedimus
1695 1849 1789 1891 quod
1813 1849 1944 1882 eisdem
1969 1848 2113 1891 relinqui
2130 1850 2164 1882 et
2186 1849 2220 1882 in

496 1921 580 1944 usus
605 1912 719 1954 legari,
738 1912 811 1945 sive
836 1913 921 1945 inter
947 1913 1046 1945 vivos
1071 1913 1144 1945 sive
1170 1913 1204 1944 in
1229 1912 1346 1945 ultima
1372 1912 1545 1945 voluntate
1570 1912 1623 1945 vel
1649 1912 1745 1946 aliter
1768 1912 2092 1954 quomodocumque
2116 1912 2237 1954 possin

495 1975 720 2016 proprietates
746 1976 778 2007 et
803 1975 892 2007 bona
926 1974 1122 2014 immobilia,
1147 1983 1292 2016 quorum
1316 1974 1447 2008 tructus
1471 1976 1504 2008 et
1528 1975 1682 2008 redditus
1707 1975 1750 2008 ad
1774 1983 1943 2007 summam
1973 1976 2198 2008 trecentorum
2221 1973 2245 2008 n

495 2046 614 2069 norum
640 2038 812 2070 annuatim
837 2038 1022 2070 ascendere
1048 2037 1183 2079 possint
1199 2039 1232 2070 et
1249 2046 1316 2070 non
1342 2037 1442 2070 ultra:
1467 2038 1554 2079 ipsis
1578 2039 1689 2071 tamen
1715 2037 1815 2070 bonis
1835 2037 2092 2070 transeuntibus
2117 2045 2195 2070 cum
2217 2045 2241 2070 o

492 2108 566 2132 suo.
594 2099 633 2132 Et
667 2100 730 2132 hoc
764 2100 868 2132 libere
900 2102 932 2132 et
964 2100 1101 2141 impune
1126 2102 1158 2132 et
1183 2100 1256 2133 sine
1289 2099 1356 2133 ulla
1389 2100 1559 2133 solutione
1591 2099 1704 2133 fienda
1729 2099 1910 2133 occasione
1943 2099 2112 2142 predicta;
2143 2098 2237 2142 aliqu

494 2162 641 2195 decretis
668 2163 804 2202 nostris,
830 2172 890 2195 seu
916 2163 1052 2195 statutis
1076 2165 1108 2195 et
1133 2163 1391 2204 provisionibus
1416 2163 1588 2196 civitatum
1615 2164 1647 2195 et
1670 2164 1832 2195 terrarum
1857 2164 2059 2202 nostrarum,
2076 2163 2151 2196 sive
2174 2162 2240 2196 alic

495 2233 621 2264 earum,
641 2225 672 2257 in
699 2226 903 2258 contrarium
929 2225 1193 2267 disponentibus
1219 2234 1434 2267 nequaquam
1459 2225 1688 2265 obstantibus,
1706 2225 1832 2267 quibus
1858 2225 1891 2257 in
1917 2225 1980 2258 hac
2004 2226 2099 2266 parte
2123 2225 2253 2258 tantum
2276 2232 2297 2259 e

494 2289 585 2320 certa
615 2288 756 2320 scientia
789 2289 1003 2330 derogamus.
1030 2288 1064 2320 In
1090 2297 1233 2330 quorum
1266 2288 1496 2321 testimonium
1530 2290 1706 2330 presentes
1722 2288 1793 2320 fieri
1827 2288 1991 2321 iussimus
2008 2290 2041 2321 et
2064 2275 2242 2330 registrari

495 2351 622 2391 strique
649 2350 749 2392 sigilli
784 2351 967 2383 munimine
993 2351 1154 2383 roborari.
1180 2350 1256 2383 Dat.
1283 2349 1400 2392 Papie,
1418 2351 1472 2383 die
1497 2350 1701 2383 duodecimo
1726 2350 1851 2390 Martii,
1873 2350 2054 2383 millesimo
2081 2352 2261 2384 trecentesi
2282 2365 2287 2380 i

495 2414 716 2454 nonagesimo
741 2413 870 2454 quinto,
897 2413 1080 2445 indictione
1105 2413 1211 2446 tertia.
