2496 3600
1951 250 1996 282 25

180 386 244 420 pro
266 378 417 419 tempore
441 378 548 415 erunt,
573 384 635 409 seu
659 376 766 408 eciam
791 385 852 417 per
875 375 977 408 alium
1003 375 1056 408 vel
1081 376 1168 408 alios
1193 376 1326 408 nomine
1352 378 1384 408 et
1409 377 1482 409 vice
1501 377 1554 409 vel
1573 378 1691 410 intuitu
1709 379 1834 411 domini
1854 379 1996 413 Abbatis

180 439 323 483 predicti
348 440 380 471 et
404 436 653 472 Canonicorum
679 447 828 477 suorum,
853 438 930 479 ipso
955 438 1044 470 facto
1069 440 1101 470 et
1125 438 1195 470 iure
1222 438 1286 479 ipsi
1313 438 1444 471 Fratres
1470 439 1636 472 Heremite
1662 442 1693 472 et
1711 441 1850 481 quilibet
1882 452 1996 475 eorum

179 501 248 534 sint
271 500 402 533 liberati
426 501 459 533 et
475 500 622 533 absoluti
647 500 691 532 ab
715 500 875 532 omnibus
892 502 924 532 et
942 499 1087 542 singulis
1104 500 1401 541 promissionibus,
1419 501 1517 541 penis
1534 502 1566 533 et
1583 501 1854 543 obligacionibus
1873 505 1997 544 quibus

121 575 124 578 ’
180 564 296 596 essent
320 562 458 605 obligati
492 562 653 604 predictis
678 562 815 594 domino
841 561 964 594 Abbati
990 563 1022 594 et
1047 560 1230 596 Canonicis
1263 562 1347 601 eius,
1372 571 1433 595 seu
1458 563 1513 595 alii
1539 563 1592 595 vel
1618 564 1692 596 aliis
1711 566 1842 597 nomine
1868 570 1899 598 et
1924 567 1997 599 vice

179 625 407 667 predictorum
433 624 561 656 domini
586 623 731 656 Abbatis
756 625 788 656 et
813 622 1074 656 Canonicorum.

269 686 348 720 item
373 686 465 728 quod
490 695 551 728 per
575 685 703 718 nullum
728 685 913 727 capitulum
938 686 1097 727 superius
1123 687 1285 728 scriptum
1311 686 1443 719 Fratres
1480 688 1543 729 ipsi
1581 687 1719 721 Ordinis
1757 689 1998 722 Heremitarum

179 749 357 782 intendunt
381 750 508 781 mutare
533 748 586 781 vel
611 748 765 790 frangere
790 750 952 789 punctum
978 748 1144 790 privilegii
1171 749 1222 781 sui
1249 749 1280 781 in
1306 758 1374 790 quo
1400 750 1521 782 dicitur
1545 751 1636 791 quod
1651 750 1768 784 Abbas
1786 754 1817 784 et
1835 750 1997 785 Canonici

177 812 356 844 teneantur
378 811 540 852 predictis
564 810 738 843 Fratribus
761 809 900 843 Ordinis
925 810 1168 843 Heremitarum
1195 811 1340 843 vendere
1366 813 1565 844 territorium
1591 813 1679 845 iusto
1705 815 1818 855 precio
1844 824 1904 856 pro
1929 815 2000 847 edi—

178 873 336 906 ficatione
361 872 426 906 loci
452 873 515 906 sui.>
977 905 980 907 .

269 934 426 968 Predicta
450 935 644 976 promittent
668 935 827 967 dominus
852 934 971 967 Abbas
996 937 1028 967 et
1053 933 1216 968 Canonici
1242 936 1459 977 stipulatione
1485 937 1651 978 solempni
1677 938 1741 970 sub
1767 947 1854 979 pena
1872 939 1998 981 integre

178 997 410 1036 restitutionis,
435 997 599 1029 interesse
616 998 648 1029 et
665 1005 893 1038 expensarum
919 996 986 1029 litis
1011 997 1095 1029 intra
1120 999 1152 1029 et
1177 999 1271 1030 extra
1296 999 1328 1030 et
1353 998 1432 1030 dicti
1458 1000 1650 1031 monasterii
1670 1000 1832 1032 bonorum
1851 1002 1998 1033 omnium

170 1059 360 1102 ypotheca.

268 1120 308 1154 Et
332 1121 524 1163 specialiter
555 1121 728 1163 obligandi
761 1122 873 1163 ipsum
909 1122 1168 1154 constituentem
1195 1124 1226 1154 et
1251 1131 1416 1163 personas
1441 1125 1473 1155 et
1498 1123 1572 1156 loca
1597 1124 1675 1156 dicti
1702 1123 1840 1158 Ordinis
1866 1128 1897 1158 et
1922 1134 2000 1158 suc-

178 1192 354 1216 cessorum
379 1184 530 1225 ipsorum
555 1186 587 1216 et
610 1183 748 1216 fratrum
784 1184 864 1217 dicti
901 1183 1040 1217 Ordinis
1076 1193 1242 1226 personas
1267 1185 1309 1217 ad
1335 1185 1505 1226 quaslibet
1541 1187 1733 1220 sentencias
1768 1190 2000 1221 excommuni-

178 1246 332 1286 cationis,
357 1246 596 1288 suspensionis
621 1246 674 1279 vel
708 1247 886 1286 interdicti,
920 1255 1051 1279 necnon
1077 1247 1119 1279 ad
1145 1256 1264 1280 omnes
1289 1256 1395 1288 penas
1431 1249 1635 1289 temporales
1660 1251 1691 1282 et
1717 1251 1920 1291 spirituales,
1956 1252 1998 1284 de

167 1308 306 1351 quibus
330 1307 431 1341 dictis
467 1309 745 1350 procuratoribus
774 1309 847 1342 suis
872 1309 925 1342 vel
962 1318 1078 1342 eorum
1103 1309 1197 1342 alteri
1224 1310 1394 1342 videbitur
1429 1310 1620 1343 faciendum
1645 1314 1677 1344 et
1702 1312 1743 1344 ad
1781 1313 1998 1354 obligandum

178 1370 310 1413 pignori
335 1371 368 1403 et
391 1371 559 1412 ypothece
585 1371 674 1404 bona
698 1371 778 1404 dicti
804 1370 943 1404 Ordinis
969 1371 1110 1404 ubilibet
1135 1372 1327 1411 constituta,
1353 1374 1385 1405 et
1410 1373 1544 1405 demum
1562 1374 1604 1406 ad
1623 1375 1734 1406 omnia
1752 1374 1816 1407 alia
1834 1375 1998 1415 facienda,

178 1433 381 1472 exercenda,
405 1433 549 1476 agenda,
574 1435 606 1466 et
630 1433 786 1473 dIcenda,
811 1443 878 1475 que
903 1434 976 1475 ipse
1002 1434 1213 1467 constituens
1237 1434 1359 1474 facere,
1384 1444 1554 1474 exercere,
1579 1445 1678 1478 agere
1704 1437 1756 1469 vel
1783 1437 1894 1470 dicere
1920 1447 2001 1479 pos-

69 1499 92 1531 ἱ
177 1496 231 1528 set
253 1496 320 1528 tam
345 1495 434 1528 circa
459 1496 583 1529 iudicia
607 1505 708 1538 quam
734 1497 823 1530 circa
848 1497 983 1539 negotia
1007 1497 1035 1529 si
1061 1497 1284 1538 personaliter
1307 1506 1449 1538 presens
1474 1500 1580 1538 esset,
1607 1499 1683 1531 licet
1708 1500 1901 1532 mandatum
1927 1501 1999 1533 exi-

65 1547 80 1559 ³
177 1558 258 1600 gant
281 1557 441 1599 speciale,
466 1558 665 1600 promittens
689 1558 790 1591 michi
815 1559 945 1592 notario
971 1559 1185 1601 infrascripto
1209 1561 1380 1601 tamquam
1405 1569 1550 1601 persone
1575 1561 1711 1605 publice
1736 1562 1918 1595 solenniter
1942 1564 2001 1595 sti-

177 1619 307 1662 pulanti
332 1621 365 1653 et
390 1620 564 1662 recipienti
589 1621 723 1654 nomine
748 1614 782 1654 et
805 1622 880 1654 vice
905 1621 1070 1654 dictorum
1107 1622 1319 1654 dominorum
1356 1621 1500 1655 Abbatis
1524 1625 1556 1655 et
1581 1626 1770 1656 conventus
1807 1626 2000 1658 monasterii

178 1679 294 1715 Sancti
319 1681 409 1715 Petri
433 1682 477 1715 ad
502 1682 612 1716 celum
644 1692 782 1716 aureum
808 1693 939 1717 necnon
965 1685 997 1716 et
1021 1685 1156 1716 nomine
1181 1686 1213 1717 et
1238 1684 1312 1717 vice
1338 1685 1519 1717 cuiuslibet
1555 1685 1692 1718 alterius
1729 1687 1825 1719 cuius
1864 1687 2001 1720 interest

178 1743 234 1777 vel
258 1744 422 1778 interesse
446 1746 568 1787 poterit
593 1746 625 1778 in
650 1745 797 1779 futurum
822 1755 860 1779 se
885 1748 991 1779 ratum
1017 1748 1049 1779 et
1073 1747 1203 1779 firmum
1229 1749 1393 1788 perpetuo
1418 1747 1609 1780 habiturum
1639 1749 1805 1790 quidquid
1831 1758 1890 1791 per
1926 1759 2001 1791 pre-

179 1805 290 1840 dictos
314 1809 551 1849 procuratores
575 1817 658 1841 suos
683 1808 736 1841 vel
761 1817 877 1841 eorum
902 1808 1042 1842 alterum
1067 1809 1120 1841 vel
1146 1809 1420 1842 substituendum
1445 1810 1488 1843 ab
1513 1810 1563 1843 eis
1588 1810 1641 1843 vel
1667 1819 1781 1843 eorum
1806 1811 1910 1844 altero
1928 1813 2001 1845 eius

178 1869 314 1902 nomine
338 1871 371 1902 et
394 1858 456 1912 pro
480 1870 557 1912 ipso
581 1870 671 1903 circa
695 1871 821 1904 iudicia
845 1871 898 1904 vel
924 1872 1066 1913 negocia
1090 1873 1202 1904 actum
1226 1871 1325 1904 fuerit
1350 1872 1422 1904 sive
1448 1874 1591 1914 gestum,
1617 1875 1649 1905 et
1673 1873 1792 1906 volens
1811 1874 1906 1915 ipsos
1923 1883 2002 1915 pro—

179 1932 354 1965 curatores
378 1940 462 1965 suos
479 1934 512 1965 et
525 1932 710 1974 quemlibet
725 1920 887 1966 eorumet
901 1933 1159 1966 substituendos
1176 1934 1220 1966 ab
1238 1934 1288 1966 eis
1306 1936 1337 1966 et
1355 1943 1470 1966 eorum
1484 1934 1668 1976 quemlibet
1682 1935 1830 1968 relevare
1849 1936 1892 1968 ab
1910 1937 1999 1968 omni

181 2001 283 2026 onere
308 1994 508 2034 satisdandi,
522 1995 696 2036 promissit
715 2004 777 2037 pro
791 1995 954 2037 predictis
972 1996 1249 2037 procuratoribus
1271 1997 1343 2029 suis
1364 1998 1524 2029 eteorum
1543 1997 1694 2038 quolibet
1709 1999 1740 2030 et
1754 1998 2001 2031 substituendis

180 2054 226 2089 ab
249 2055 300 2088 eis
323 2057 356 2088 et
380 2065 495 2089 eorum
520 2056 673 2098 quolibet
697 2057 881 2090 iudicatum
906 2058 993 2091 solvi
1019 2067 1095 2090 cum
1121 2058 1193 2091 suis
1218 2058 1381 2091 clausulis
1406 2059 1574 2091 universis
1599 2061 1631 2092 et
1656 2069 1717 2101 pro
1742 2060 1902 2101 predictis
1928 2061 2001 2092 uni-

181 2118 291 2151 versis
316 2119 349 2151 et
372 2118 517 2161 singulis
541 2128 648 2160 penes
665 2128 717 2152 me
734 2120 900 2152 notarium
926 2120 1176 2162 infrascriptum
1200 2122 1372 2162 tamquam
1397 2130 1504 2162 penes
1529 2130 1708 2162 personam
1727 2122 1922 2163 pubblicam
1945 2131 2001 2154 so-

181 2178 323 2213 lenniter
346 2180 563 2222 stipulantem
581 2182 613 2214 et
631 2182 848 2223 recipientem
874 2182 1067 2215 nominibus
1092 2183 1218 2224 quibus
1243 2191 1356 2224 supra,
1375 2182 1463 2216 idem
1485 2184 1695 2216 constituens
1713 2192 1749 2216 se
1767 2183 2000 2216 fideiussorem

181 2242 355 2275 constituit
378 2243 443 2276 sub
467 2244 644 2285 expressis
668 2244 875 2286 obligatione
900 2246 932 2277 et
956 2245 1125 2287 ypotheca
1150 2245 1298 2277 omnium
1324 2245 1488 2277 bonorum
1506 2245 1586 2278 dicti
1605 2244 1743 2278 Ordinis
1762 2246 1905 2278 ubilibet
1922 2255 2003 2278 con-

181 2303 372 2338 stitutorum
397 2306 612 2347 presencium
637 2308 670 2339 et
693 2306 880 2339 futurorum
905 2316 981 2339 cum
1007 2307 1097 2339 omni
1123 2307 1382 2340 renunciacione
1408 2307 1489 2340 iuris
1514 2308 1638 2349 pariter
1662 2309 1694 2340 et
1718 2308 1858 2340 cautela.

270 2366 356 2400 Acta
378 2367 513 2401 fuerunt
537 2368 599 2401 hec
624 2367 765 2402 Parisiis
790 2369 822 2401 in
848 2369 950 2402 domo
975 2369 1125 2402 Fratrum
1151 2369 1393 2402 l-leremitarum
1419 2368 1532 2402 Sancti
1558 2369 1737 2412 Augustini
1763 2370 2000 2411 predictorum,

182 2436 282 2468 ann0‚
307 2429 502 2470 indictione,
526 2430 592 2470 die,
617 2439 744 2471 mense,
769 2432 802 2464 et
826 2431 1023 2472 pontificatu
1050 2431 1222 2473 predictis,
1258 2432 1474 2473 presentibus
1511 2431 1762 2464 venerabilibus
1787 2433 1819 2464 et
1843 2431 1999 2464 discretis

182 2489 265 2524 viris
289 2491 436 2525 dominis
461 2491 608 2526 Iohanne
633 2493 675 2526 de
701 2492 840 2526 Foresio
864 2493 933 2526 filio
958 2494 1085 2526 domini
1111 2492 1254 2527 Comitis
1278 2493 1415 2526 Forens.
1434 2494 1643 2535 parisiensis,
1658 2493 1802 2526 Henrico
1820 2493 1861 2526 de
1881 2492 1999 2535 Ruppe

182 2551 259 2586 forti
285 2553 519 2596 lugdunensis,
545 2553 718 2597 Stephano
742 2555 784 2588 de
810 2555 994 2588 Villaribus
1022 2555 1262 2589 silvanetensis
1298 2556 1421 2589 clerico
1446 2558 1477 2589 et
1514 2556 1706 2588 consiliario
1742 2556 1867 2588 domini
1898 2554 2000 2598 Regis

184 2613 335 2656 Francie,
359 2615 520 2659 Philippo
545 2617 587 2649 de
605 2616 730 2650 Talaru
748 2617 921 2657 eduensis,
940 2617 1083 2660 Hugone
1108 2618 1150 2650 de
1176 2616 1378 2651 Chevalaria
1394 2618 1608 2660 thyernensis
1625 2617 1843 2650 ecclesiarum
1862 2618 2000 2650 canoni-

185 2676 247 2717 cis,
260 2679 293 2711 et
305 2676 459 2711 Gerardo
474 2678 516 2712 de
531 2678 682 2713 Romano
696 2678 830 2712 Vicario
851 2677 1008 2712 Generali
1031 2679 1157 2712 domini
1179 2679 1437 2721 Archiepiscopi
1459 2679 1682 2722 lugdunensis
1699 2681 1731 2712 et
1749 2679 2000 2713 venerabilibus

185 2738 353 2783 religiosis
377 2741 460 2774 viris
492 2740 665 2774 Fratribus
701 2741 848 2774 Iohanne
884 2741 926 2775 de
963 2741 1114 2774 Virduno
1150 2742 1260 2784 priore
1297 2742 1495 2783 provinciali
1532 2742 1706 2783 provincie
1743 2741 1880 2775 Francie
1921 2742 2001 2775 dicti

185 2799 334 2842 Ordinis,
359 2801 527 2845 Dyonisio
551 2803 593 2836 de
618 2802 732 2845 Burgo
756 2800 808 2844 (1)
840 2803 1001 2845 magistro
1036 2812 1132 2836 sacre
1168 2804 1302 2846 pagine,
1339 2803 1470 2846 Rogero
1506 2803 1615 2845 priore
1651 2806 1840 2836 conventus
1880 2804 2002 2837 domus

71 959 87 978 3·-
92 969 100 979 ι,

242 2957 273 2986 (i)
286 2953 305 2982 Ε
318 2959 353 2982 Μ
367 2959 459 2988 Dionlgi
473 2960 502 2983 de
522 2960 630 2984 Robertis
643 2961 673 2983 da
689 2960 766 2988 Borgo
780 2960 804 2983 S.
819 2960 939 2988 Sepolcro.
961 2961 1068 2983 Vescovo
1122 2961 1219 2983 Accetto
1236 2961 1258 2983 al
1274 2961 1392 2983 Pontefice
1407 2960 1537 2984 Benedetto
1551 2961 1599 2988 ΧΠ,
1614 2961 1676 2984 visse
1691 2967 1732 2988 per
1747 2962 1844 2988 qualche
1866 2963 1945 2989 tempo
1968 2962 1998 2984 ad

188 3002 214 3026 dl
227 3003 348 3032 monopon
362 3004 400 3027 dal
416 3005 475 3033 1339,
489 3011 529 3028 ern
542 3005 581 3033 gia
594 3005 664 3028 sarno
679 3005 701 3027 in
715 3005 777 3028 rama
792 3011 804 3028 e
819 3011 860 3033 per
875 3006 889 3028 ll
904 3011 949 3028 uuo
967 3006 1015 3028 alto
1030 3011 1066 3027 sa-
1120 3005 1239 3032 Avignone
1254 3005 1317 3032 dopo
1331 3005 1443 3032 compluti
1459 3005 1465 3027 l
1479 3005 1531 3028 suoi
1546 3005 1618 3028 studii
1632 3011 1646 3028 a
1662 3005 1745 3033 Parigi.
1762 3005 1881 3029 thornato
1892 3007 1914 3028 in
1925 3006 1998 3033 ltalia,

189 3051 246 3075 pere
263 3048 322 3072 nelle
342 3049 435 3072 sciente
454 3055 521 3073 uere
535 3055 548 3073 e
563 3055 605 3077 per
618 3050 640 3072 le
654 3050 734 3072 eslmie
754 3049 816 3073 vlrttr
838 3050 945 3077 religiose
966 3056 979 3073 e
998 3050 1066 3073 civili.
1121 3049 1145 3072 iu
1160 3050 1205 3072 alla
1220 3049 1290 3072 Corte
1307 3049 1330 3072 dl
1351 3046 1453 3073 Roberto
1470 3049 1492 3072 dl
1512 3050 1604 3077 Napon,
1623 3050 1684 3072 dove
1699 3050 1755 3073 morl
1770 3051 1807 3073 nel
1823 3051 1880 3074 1342.
1897 3051 1920 3072 ln
1936 3051 2000 3078 quel-
