<?xml version="1.0" encoding="UTF-8"?>
<!DOCTYPE html PUBLIC "-//W3C//DTD XHTML 1.0 Transitional//EN"
    "http://www.w3.org/TR/xhtml1/DTD/xhtml1-transitional.dtd">
<html xmlns="http://www.w3.org/1999/xhtml" xml:lang="en" lang="en">
 <head>
  <title>
</title>
<meta http-equiv="Content-Type" content="text/html;charset=utf-8" />
  <meta name='ocr-system' content='tesseract 3.04.00' />
  <meta name='ocr-capabilities' content='ocr_page ocr_carea ocr_par ocr_line ocrx_word'/>
</head>
<body>
  <div class='ocr_page' id='page_1' title='image "./codexdiplomaticu01maiouoft_0151.png"; bbox 0 0 2496 3600; ppageno 0'>
   <div class='ocr_carea' id='block_1_1' title="bbox 736 94 809 109">
    <p class='ocr_par' dir='ltr' id='par_1_1' title="bbox 736 94 809 109">
     <span class='ocr_line' id='line_1_1' title="bbox 736 94 809 109; baseline 0 3491"><span class='ocrx_word' id='word_1_1' title='bbox 736 94 809 109; x_wconf 95' lang='lat' dir='ltr'><strong> </strong></span> 
     </span>
    </p>
   </div>
   <div class='ocr_carea' id='block_1_2' title="bbox 2003 267 2043 300">
    <p class='ocr_par' dir='ltr' id='par_1_2' title="bbox 2003 267 2043 300">
     <span class='ocr_line' id='line_1_2' title="bbox 2003 267 2043 300; baseline -0.025 0"><span class='ocrx_word' id='word_1_2' title='bbox 2003 267 2043 300; x_wconf 82' lang='lat'><strong>81</strong></span> 
     </span>
    </p>
   </div>
   <div class='ocr_carea' id='block_1_3' title="bbox 0 370 314 2398">
    <p class='ocr_par' dir='ltr' id='par_1_3' title="bbox 0 370 314 2398">
     <span class='ocr_line' id='line_1_3' title="bbox 0 370 301 585; baseline 0.01 -32"><span class='ocrx_word' id='word_1_3' title='bbox 0 370 301 585; x_wconf 95' lang='lat' dir='ltr'><strong>    </strong></span> 
     </span>
     <span class='ocr_line' id='line_1_4' title="bbox 0 585 226 683; baseline 0 0"><span class='ocrx_word' id='word_1_4' title='bbox 0 585 226 683; x_wconf 95' lang='lat' dir='ltr'><strong>  </strong></span> 
     </span>
     <span class='ocr_line' id='line_1_5' title="bbox 0 683 226 810; baseline 0 0"><span class='ocrx_word' id='word_1_5' title='bbox 0 683 226 810; x_wconf 95' lang='lat' dir='ltr'><strong>   </strong></span> 
     </span>
     <span class='ocr_line' id='line_1_6' title="bbox 0 810 312 934; baseline 0 -109"><span class='ocrx_word' id='word_1_6' title='bbox 0 810 312 934; x_wconf 95' lang='lat' dir='ltr'><strong>   </strong></span> 
     </span>
     <span class='ocr_line' id='line_1_7' title="bbox 0 934 225 1113; baseline 0 -53"><span class='ocrx_word' id='word_1_7' title='bbox 0 934 225 1113; x_wconf 95' lang='lat' dir='ltr'><strong>      </strong></span> 
     </span>
     <span class='ocr_line' id='line_1_8' title="bbox 0 1113 224 1164; baseline 0 0"><span class='ocrx_word' id='word_1_8' title='bbox 0 1113 224 1164; x_wconf 95' lang='lat' dir='ltr'><strong>  </strong></span> 
     </span>
     <span class='ocr_line' id='line_1_9' title="bbox 0 1164 222 1339; baseline 0 -50"><span class='ocrx_word' id='word_1_9' title='bbox 0 1164 222 1339; x_wconf 95' lang='lat' dir='ltr'><strong>   </strong></span> 
     </span>
     <span class='ocr_line' id='line_1_10' title="bbox 0 1339 224 1478; baseline 0 0"><span class='ocrx_word' id='word_1_10' title='bbox 0 1339 224 1478; x_wconf 95' lang='lat' dir='ltr'><strong>    </strong></span> 
     </span>
     <span class='ocr_line' id='line_1_11' title="bbox 0 1478 224 1680; baseline 0 -30"><span class='ocrx_word' id='word_1_11' title='bbox 0 1478 224 1680; x_wconf 95' lang='lat' dir='ltr'><strong>   </strong></span> 
     </span>
     <span class='ocr_line' id='line_1_12' title="bbox 0 1680 311 1866; baseline 0 -26"><span class='ocrx_word' id='word_1_12' title='bbox 0 1680 311 1866; x_wconf 95' lang='lat' dir='ltr'><strong>     </strong></span> 
     </span>
     <span class='ocr_line' id='line_1_13' title="bbox 0 1866 223 1920; baseline 0 0"><span class='ocrx_word' id='word_1_13' title='bbox 0 1866 223 1920; x_wconf 95' lang='lat' dir='ltr'><strong>  </strong></span> 
     </span>
     <span class='ocr_line' id='line_1_14' title="bbox 0 1920 225 2079; baseline 0 -50"><span class='ocrx_word' id='word_1_14' title='bbox 0 1920 225 2079; x_wconf 95' lang='lat' dir='ltr'><strong>   </strong></span> 
     </span>
     <span class='ocr_line' id='line_1_15' title="bbox 0 2079 314 2208; baseline 0 0"><span class='ocrx_word' id='word_1_15' title='bbox 0 2079 314 2208; x_wconf 95' lang='lat' dir='ltr'><strong>    </strong></span> 
     </span>
     <span class='ocr_line' id='line_1_16' title="bbox 0 2208 314 2398; baseline 0 -61"><span class='ocrx_word' id='word_1_16' title='bbox 0 2208 314 2398; x_wconf 95' lang='lat' dir='ltr'><strong>    </strong></span> 
     </span>
    </p>
   </div>
   <div class='ocr_carea' id='block_1_4' title="bbox 172 395 2053 2374">
    <p class='ocr_par' dir='ltr' id='par_1_4' title="bbox 222 395 2050 876">
     <span class='ocr_line' id='line_1_17' title="bbox 223 395 2049 445; baseline -0.002 -12"><span class='ocrx_word' id='word_1_17' title='bbox 223 395 338 445; x_wconf 55' lang='lat' dir='ltr'><strong>§psius</strong></span> <span class='ocrx_word' id='word_1_18' title='bbox 359 406 423 442; x_wconf 80' lang='lat' dir='ltr'><strong>pro</strong></span> <span class='ocrx_word' id='word_1_19' title='bbox 445 406 514 441; x_wconf 83' lang='lat' dir='ltr'><strong>qua</strong></span> <span class='ocrx_word' id='word_1_20' title='bbox 537 397 691 440; x_wconf 86' lang='lat' dir='ltr'><strong>predicta</strong></span> <span class='ocrx_word' id='word_1_21' title='bbox 713 399 830 431; x_wconf 88' lang='lat' dir='ltr'><strong>essent</strong></span> <span class='ocrx_word' id='word_1_22' title='bbox 853 397 966 430; x_wconf 87' lang='lat' dir='ltr'><strong>evicta</strong></span> <span class='ocrx_word' id='word_1_23' title='bbox 989 397 1022 430; x_wconf 91' lang='lat' dir='ltr'><strong>in</strong></span> <span class='ocrx_word' id='word_1_24' title='bbox 1047 405 1130 430; x_wconf 89' lang='lat' dir='ltr'><strong>casu</strong></span> <span class='ocrx_word' id='word_1_25' title='bbox 1155 397 1320 439; x_wconf 90' lang='lat' dir='ltr'><strong>predicto,</strong></span> <span class='ocrx_word' id='word_1_26' title='bbox 1345 397 1426 430; x_wconf 89' lang='lat' dir='ltr'><strong>dicti</strong></span> <span class='ocrx_word' id='word_1_27' title='bbox 1451 397 1611 430; x_wconf 89' lang='lat' dir='ltr'><strong>dominus</strong></span> <span class='ocrx_word' id='word_1_28' title='bbox 1642 397 1752 430; x_wconf 87' lang='lat' dir='ltr'><strong>abbas</strong></span> <span class='ocrx_word' id='word_1_29' title='bbox 1776 399 1809 431; x_wconf 90' lang='lat' dir='ltr'><strong>et</strong></span> <span class='ocrx_word' id='word_1_30' title='bbox 1832 397 1952 430; x_wconf 86' lang='lat' dir='ltr'><strong>fratres</strong></span> <span class='ocrx_word' id='word_1_31' title='bbox 1989 408 2049 430; x_wconf 92' lang='lat' dir='ltr'><strong>no-</strong></span> 
     </span>
     <span class='ocr_line' id='line_1_18' title="bbox 225 448 2047 507; baseline -0.002 -12"><span class='ocrx_word' id='word_1_32' title='bbox 225 448 316 507; x_wconf 58' lang='lat' dir='ltr'><strong>fitffie</strong></span> <span class='ocrx_word' id='word_1_33' title='bbox 339 460 420 495; x_wconf 81' lang='lat' dir='ltr'><strong>dicti</strong></span> <span class='ocrx_word' id='word_1_34' title='bbox 444 459 640 494; x_wconf 86' lang='lat' dir='ltr'><strong>monasterii</strong></span> <span class='ocrx_word' id='word_1_35' title='bbox 664 461 896 493; x_wconf 89' lang='lat' dir='ltr'><strong>convenerunt</strong></span> <span class='ocrx_word' id='word_1_36' title='bbox 920 460 954 492; x_wconf 87' lang='lat' dir='ltr'><strong>et</strong></span> <span class='ocrx_word' id='word_1_37' title='bbox 977 460 1225 501; x_wconf 87' lang='lat' dir='ltr'><strong>promisserunt</strong></span> <span class='ocrx_word' id='word_1_38' title='bbox 1249 459 1341 493; x_wconf 92' lang='lat' dir='ltr'><strong>dicto</strong></span> <span class='ocrx_word' id='word_1_39' title='bbox 1365 459 1456 492; x_wconf 84' lang='lat' dir='ltr'><strong>tratri</strong></span> <span class='ocrx_word' id='word_1_40' title='bbox 1482 458 1582 492; x_wconf 85' lang='lat' dir='ltr'><strong>Petro</strong></span> <span class='ocrx_word' id='word_1_41' title='bbox 1607 459 1781 501; x_wconf 83' lang='lat' dir='ltr'><strong>stipulanti</strong></span> <span class='ocrx_word' id='word_1_42' title='bbox 1807 460 1941 492; x_wconf 87' lang='lat' dir='ltr'><strong>nomine</strong></span> <span class='ocrx_word' id='word_1_43' title='bbox 1967 460 2047 493; x_wconf 87' lang='lat' dir='ltr'><strong>dieti</strong></span> 
     </span>
     <span class='ocr_line' id='line_1_19' title="bbox 275 516 2048 564; baseline -0.002 -7.053"><span class='ocrx_word' id='word_1_44' title='bbox 275 516 277 518; x_wconf 40' lang='lat'>¹</span> <span class='ocrx_word' id='word_1_45' title='bbox 301 523 357 558; x_wconf 81' lang='lat' dir='ltr'><strong>nis</strong></span> <span class='ocrx_word' id='word_1_46' title='bbox 378 522 513 556; x_wconf 83' lang='lat' dir='ltr'><strong>solvere</strong></span> <span class='ocrx_word' id='word_1_47' title='bbox 537 524 570 556; x_wconf 91' lang='lat' dir='ltr'><strong>et</strong></span> <span class='ocrx_word' id='word_1_48' title='bbox 594 522 770 556; x_wconf 85' lang='lat' dir='ltr'><strong>restituere</strong></span> <span class='ocrx_word' id='word_1_49' title='bbox 794 522 828 554; x_wconf 93' lang='lat' dir='ltr'><strong>in</strong></span> <span class='ocrx_word' id='word_1_50' title='bbox 852 522 1002 556; x_wconf 84' lang='lat' dir='ltr'><strong>denariis</strong></span> <span class='ocrx_word' id='word_1_51' title='bbox 1026 522 1211 555; x_wconf 87' lang='lat' dir='ltr'><strong>numeratis</strong></span> <span class='ocrx_word' id='word_1_52' title='bbox 1235 522 1456 555; x_wconf 82' lang='lat' dir='ltr'><strong>incontinenti</strong></span> <span class='ocrx_word' id='word_1_53' title='bbox 1481 524 1664 564; x_wconf 88' lang='lat' dir='ltr'><strong>postquam</strong></span> <span class='ocrx_word' id='word_1_54' title='bbox 1689 530 1792 555; x_wconf 91' lang='lat' dir='ltr'><strong>casus</strong></span> <span class='ocrx_word' id='word_1_55' title='bbox 1809 522 1989 554; x_wconf 86' lang='lat' dir='ltr'><strong>evictionis</strong></span> <span class='ocrx_word' id='word_1_56' title='bbox 2006 522 2048 554; x_wconf 92' lang='lat' dir='ltr'><strong>de</strong></span> 
     </span>
     <span class='ocr_line' id='line_1_20' title="bbox 225 580 2050 628; baseline -0.002 -9"><span class='ocrx_word' id='word_1_57' title='bbox 225 580 493 628; x_wconf 48' lang='lat' dir='ltr'><strong>inre&#39;acciderit,</strong></span> <span class='ocrx_word' id='word_1_58' title='bbox 517 584 618 618; x_wconf 91' lang='lat' dir='ltr'><strong>simul</strong></span> <span class='ocrx_word' id='word_1_59' title='bbox 643 593 720 617; x_wconf 89' lang='lat' dir='ltr'><strong>curn</strong></span> <span class='ocrx_word' id='word_1_60' title='bbox 745 584 911 626; x_wconf 86' lang='lat' dir='ltr'><strong>expensis</strong></span> <span class='ocrx_word' id='word_1_61' title='bbox 935 584 1095 617; x_wconf 90' lang='lat' dir='ltr'><strong>omnibus</strong></span> <span class='ocrx_word' id='word_1_62' title='bbox 1120 586 1152 617; x_wconf 93' lang='lat' dir='ltr'><strong>et</strong></span> <span class='ocrx_word' id='word_1_63' title='bbox 1177 584 1322 626; x_wconf 89' lang='lat' dir='ltr'><strong>singulis</strong></span> <span class='ocrx_word' id='word_1_64' title='bbox 1347 584 1505 626; x_wconf 90' lang='lat' dir='ltr'><strong>petendis</strong></span> <span class='ocrx_word' id='word_1_65' title='bbox 1529 586 1562 617; x_wconf 94' lang='lat' dir='ltr'><strong>et</strong></span> <span class='ocrx_word' id='word_1_66' title='bbox 1586 584 1777 626; x_wconf 87' lang='lat' dir='ltr'><strong>exigendis.</strong></span> <span class='ocrx_word' id='word_1_67' title='bbox 1804 582 1985 617; x_wconf 90' lang='lat' dir='ltr'><strong>Credendo</strong></span> <span class='ocrx_word' id='word_1_68' title='bbox 2014 594 2050 617; x_wconf 87' lang='lat' dir='ltr'><strong>a-</strong></span> 
     </span>
     <span class='ocr_line' id='line_1_21' title="bbox 226 635 2048 691; baseline -0.001 -11"><span class='ocrx_word' id='word_1_69' title='bbox 226 635 317 691; x_wconf 60' lang='lat' dir='ltr'><strong>genti</strong></span> <span class='ocrx_word' id='word_1_70' title='bbox 341 647 475 680; x_wconf 89' lang='lat' dir='ltr'><strong>nomine</strong></span> <span class='ocrx_word' id='word_1_71' title='bbox 499 646 580 680; x_wconf 93' lang='lat' dir='ltr'><strong>dicti</strong></span> <span class='ocrx_word' id='word_1_72' title='bbox 605 646 735 679; x_wconf 89' lang='lat' dir='ltr'><strong>ordinis</strong></span> <span class='ocrx_word' id='word_1_73' title='bbox 759 646 792 678; x_wconf 90' lang='lat' dir='ltr'><strong>in</strong></span> <span class='ocrx_word' id='word_1_74' title='bbox 817 645 892 679; x_wconf 89' lang='lat' dir='ltr'><strong>eius</strong></span> <span class='ocrx_word' id='word_1_75' title='bbox 916 646 1019 685; x_wconf 87' lang='lat' dir='ltr'><strong>dicto,</strong></span> <span class='ocrx_word' id='word_1_76' title='bbox 1044 646 1117 679; x_wconf 89' lang='lat' dir='ltr'><strong>sine</strong></span> <span class='ocrx_word' id='word_1_77' title='bbox 1150 648 1363 679; x_wconf 83' lang='lat' dir='ltr'><strong>sacramento</strong></span> <span class='ocrx_word' id='word_1_78' title='bbox 1387 646 1556 686; x_wconf 84' lang='lat' dir='ltr'><strong>faciendo,</strong></span> <span class='ocrx_word' id='word_1_79' title='bbox 1581 646 1624 679; x_wconf 90' lang='lat' dir='ltr'><strong>de</strong></span> <span class='ocrx_word' id='word_1_80' title='bbox 1649 646 1814 688; x_wconf 87' lang='lat' dir='ltr'><strong>expensis</strong></span> <span class='ocrx_word' id='word_1_81' title='bbox 1840 646 1917 678; x_wconf 90' lang='lat' dir='ltr'><strong>inde</strong></span> <span class='ocrx_word' id='word_1_82' title='bbox 1950 646 2048 678; x_wconf 86' lang='lat' dir='ltr'><strong>factis</strong></span> 
     </span>
     <span class='ocr_line' id='line_1_22' title="bbox 225 708 2049 759; baseline -0.002 -15"><span class='ocrx_word' id='word_1_83' title='bbox 225 711 328 759; x_wconf 61' lang='lat' dir='ltr'><strong>prout</strong></span> <span class='ocrx_word' id='word_1_84' title='bbox 349 709 451 743; x_wconf 84' lang='lat' dir='ltr'><strong>dictis</strong></span> <span class='ocrx_word' id='word_1_85' title='bbox 474 709 612 742; x_wconf 88' lang='lat' dir='ltr'><strong>domino</strong></span> <span class='ocrx_word' id='word_1_86' title='bbox 636 708 752 742; x_wconf 87' lang='lat' dir='ltr'><strong>abbati</strong></span> <span class='ocrx_word' id='word_1_87' title='bbox 777 710 809 741; x_wconf 92' lang='lat' dir='ltr'><strong>et</strong></span> <span class='ocrx_word' id='word_1_88' title='bbox 834 708 994 741; x_wconf 83' lang='lat' dir='ltr'><strong>fratribus</strong></span> <span class='ocrx_word' id='word_1_89' title='bbox 1019 709 1154 748; x_wconf 89' lang='lat' dir='ltr'><strong>nomine</strong></span> <span class='ocrx_word' id='word_1_90' title='bbox 1194 709 1274 742; x_wconf 88' lang='lat' dir='ltr'><strong>dicti</strong></span> <span class='ocrx_word' id='word_1_91' title='bbox 1311 709 1504 743; x_wconf 79' lang='lat' dir='ltr'><strong>monasterii</strong></span> <span class='ocrx_word' id='word_1_92' title='bbox 1541 709 1675 741; x_wconf 88' lang='lat' dir='ltr'><strong>dixerit.</strong></span> <span class='ocrx_word' id='word_1_93' title='bbox 1713 708 1753 741; x_wconf 89' lang='lat' dir='ltr'><strong>Et</strong></span> <span class='ocrx_word' id='word_1_94' title='bbox 1789 717 1850 750; x_wconf 92' lang='lat' dir='ltr'><strong>pro</strong></span> <span class='ocrx_word' id='word_1_95' title='bbox 1886 708 2049 750; x_wconf 85' lang='lat' dir='ltr'><strong>predictis</strong></span> 
     </span>
     <span class='ocr_line' id='line_1_23' title="bbox 226 771 2048 807; baseline -0.003 0"><span class='ocrx_word' id='word_1_96' title='bbox 226 772 277 807; x_wconf 77' lang='lat' dir='ltr'><strong>sic</strong></span> <span class='ocrx_word' id='word_1_97' title='bbox 299 771 515 807; x_wconf 78' lang='lat' dir='ltr'><strong>attendendis</strong></span> <span class='ocrx_word' id='word_1_98' title='bbox 539 772 571 804; x_wconf 89' lang='lat' dir='ltr'><strong>et</strong></span> <span class='ocrx_word' id='word_1_99' title='bbox 595 771 823 804; x_wconf 87' lang='lat' dir='ltr'><strong>observandis</strong></span> <span class='ocrx_word' id='word_1_100' title='bbox 847 771 928 804; x_wconf 91' lang='lat' dir='ltr'><strong>dicti</strong></span> <span class='ocrx_word' id='word_1_101' title='bbox 954 771 1113 804; x_wconf 90' lang='lat' dir='ltr'><strong>dominus</strong></span> <span class='ocrx_word' id='word_1_102' title='bbox 1137 771 1247 804; x_wconf 87' lang='lat' dir='ltr'><strong>abbas</strong></span> <span class='ocrx_word' id='word_1_103' title='bbox 1272 773 1303 804; x_wconf 89' lang='lat' dir='ltr'><strong>et</strong></span> <span class='ocrx_word' id='word_1_104' title='bbox 1328 771 1586 804; x_wconf 85' lang='lat' dir='ltr'><strong>fratresomnia</strong></span> <span class='ocrx_word' id='word_1_105' title='bbox 1610 771 1700 803; x_wconf 86' lang='lat' dir='ltr'><strong>bona</strong></span> <span class='ocrx_word' id='word_1_106' title='bbox 1737 771 1817 803; x_wconf 86' lang='lat' dir='ltr'><strong>dicti</strong></span> <span class='ocrx_word' id='word_1_107' title='bbox 1854 771 2048 804; x_wconf 87' lang='lat' dir='ltr'><strong>monasterii</strong></span> 
     </span>
     <span class='ocr_line' id='line_1_24' title="bbox 222 832 1281 876; baseline -0.003 -7"><span class='ocrx_word' id='word_1_108' title='bbox 222 835 336 869; x_wconf 78' lang='lat' dir='ltr'><strong>eidem</strong></span> <span class='ocrx_word' id='word_1_109' title='bbox 360 833 451 868; x_wconf 81' lang='lat' dir='ltr'><strong>fratri</strong></span> <span class='ocrx_word' id='word_1_110' title='bbox 475 833 577 867; x_wconf 88' lang='lat' dir='ltr'><strong>Petro</strong></span> <span class='ocrx_word' id='word_1_111' title='bbox 602 834 737 866; x_wconf 89' lang='lat' dir='ltr'><strong>nomine</strong></span> <span class='ocrx_word' id='word_1_112' title='bbox 762 833 842 866; x_wconf 90' lang='lat' dir='ltr'><strong>dicti</strong></span> <span class='ocrx_word' id='word_1_113' title='bbox 868 832 1008 866; x_wconf 87' lang='lat' dir='ltr'><strong>Ordinis</strong></span> <span class='ocrx_word' id='word_1_114' title='bbox 1033 833 1281 876; x_wconf 89' lang='lat' dir='ltr'><strong>obligaverunt.</strong></span> 
     </span>
    </p>

    <p class='ocr_par' dir='ltr' id='par_1_5' title="bbox 172 895 2052 1755">
     <span class='ocr_line' id='line_1_25' title="bbox 312 895 2051 938; baseline -0.001 -8"><span class='ocrx_word' id='word_1_115' title='bbox 312 895 389 936; x_wconf 88' lang='lat' dir='ltr'><strong>Que</strong></span> <span class='ocrx_word' id='word_1_116' title='bbox 412 896 503 929; x_wconf 88' lang='lat' dir='ltr'><strong>bona</strong></span> <span class='ocrx_word' id='word_1_117' title='bbox 526 895 676 938; x_wconf 90' lang='lat' dir='ltr'><strong>obligata</strong></span> <span class='ocrx_word' id='word_1_118' title='bbox 700 896 812 929; x_wconf 88' lang='lat' dir='ltr'><strong>dictus</strong></span> <span class='ocrx_word' id='word_1_119' title='bbox 836 896 995 929; x_wconf 89' lang='lat' dir='ltr'><strong>dominus</strong></span> <span class='ocrx_word' id='word_1_120' title='bbox 1019 896 1128 929; x_wconf 89' lang='lat' dir='ltr'><strong>abbas</strong></span> <span class='ocrx_word' id='word_1_121' title='bbox 1153 898 1185 928; x_wconf 91' lang='lat' dir='ltr'><strong>et</strong></span> <span class='ocrx_word' id='word_1_122' title='bbox 1207 897 1343 929; x_wconf 86' lang='lat' dir='ltr'><strong>monaci</strong></span> <span class='ocrx_word' id='word_1_123' title='bbox 1369 896 1503 928; x_wconf 90' lang='lat' dir='ltr'><strong>nomine</strong></span> <span class='ocrx_word' id='word_1_124' title='bbox 1529 896 1609 928; x_wconf 91' lang='lat' dir='ltr'><strong>dicti</strong></span> <span class='ocrx_word' id='word_1_125' title='bbox 1635 897 1806 928; x_wconf 84' lang='lat' dir='ltr'><strong>monaster</strong></span> <span class='ocrx_word' id='word_1_126' title='bbox 1866 896 2051 928; x_wconf 89' lang='lat' dir='ltr'><strong>constitue-</strong></span> 
     </span>
     <span class='ocr_line' id='line_1_26' title="bbox 225 956 2051 1000; baseline -0.001 -8"><span class='ocrx_word' id='word_1_127' title='bbox 225 956 302 997; x_wconf 82' lang='lat' dir='ltr'><strong>runt</strong></span> <span class='ocrx_word' id='word_1_128' title='bbox 324 964 368 992; x_wconf 87' lang='lat' dir='ltr'><strong>ex</strong></span> <span class='ocrx_word' id='word_1_129' title='bbox 393 967 482 992; x_wconf 89' lang='lat' dir='ltr'><strong>nunc</strong></span> <span class='ocrx_word' id='word_1_130' title='bbox 506 967 544 992; x_wconf 94' lang='lat' dir='ltr'><strong>se</strong></span> <span class='ocrx_word' id='word_1_131' title='bbox 569 967 606 991; x_wconf 91' lang='lat' dir='ltr'><strong>se</strong></span> <span class='ocrx_word' id='word_1_132' title='bbox 632 959 865 1000; x_wconf 84' lang='lat' dir='ltr'><strong>procuratorio</strong></span> <span class='ocrx_word' id='word_1_133' title='bbox 890 958 1026 991; x_wconf 90' lang='lat' dir='ltr'><strong>nomine</strong></span> <span class='ocrx_word' id='word_1_134' title='bbox 1051 958 1131 990; x_wconf 91' lang='lat' dir='ltr'><strong>dicti</strong></span> <span class='ocrx_word' id='word_1_135' title='bbox 1156 958 1268 991; x_wconf 87' lang='lat' dir='ltr'><strong>fratris</strong></span> <span class='ocrx_word' id='word_1_136' title='bbox 1293 957 1382 990; x_wconf 88' lang='lat' dir='ltr'><strong>Petri</strong></span> <span class='ocrx_word' id='word_1_137' title='bbox 1408 958 1499 990; x_wconf 91' lang='lat' dir='ltr'><strong>dicto</strong></span> <span class='ocrx_word' id='word_1_138' title='bbox 1539 958 1673 990; x_wconf 92' lang='lat' dir='ltr'><strong>nomine</strong></span> <span class='ocrx_word' id='word_1_139' title='bbox 1714 958 1909 999; x_wconf 90' lang='lat' dir='ltr'><strong>recipientis</strong></span> <span class='ocrx_word' id='word_1_140' title='bbox 1934 959 1966 990; x_wconf 87' lang='lat' dir='ltr'><strong>et</strong></span> <span class='ocrx_word' id='word_1_141' title='bbox 1991 958 2051 990; x_wconf 92' lang='lat' dir='ltr'><strong>sti·-</strong></span> 
     </span>
     <span class='ocr_line' id='line_1_27' title="bbox 173 1020 2051 1072; baseline -0.002 -16"><span class='ocrx_word' id='word_1_142' title='bbox 173 1064 182 1072; x_wconf 26' lang='grc' dir='ltr'><strong><em>ν</em></strong></span> <span class='ocrx_word' id='word_1_143' title='bbox 225 1021 374 1067; x_wconf 68' lang='grc' dir='ltr'><strong>ρξαΙειηΐίε</strong></span> <span class='ocrx_word' id='word_1_144' title='bbox 398 1022 522 1060; x_wconf 88' lang='lat' dir='ltr'><strong>tenere,</strong></span> <span class='ocrx_word' id='word_1_145' title='bbox 547 1021 726 1063; x_wconf 89' lang='lat' dir='ltr'><strong>possidere</strong></span> <span class='ocrx_word' id='word_1_146' title='bbox 751 1022 784 1053; x_wconf 91' lang='lat' dir='ltr'><strong>et</strong></span> <span class='ocrx_word' id='word_1_147' title='bbox 808 1021 917 1062; x_wconf 84' lang='lat' dir='ltr'><strong>quasi.</strong></span> <span class='ocrx_word' id='word_1_148' title='bbox 944 1020 993 1052; x_wconf 91' lang='grc' dir='ltr'><strong>Εο</strong></span> <span class='ocrx_word' id='word_1_149' title='bbox 1025 1020 1128 1053; x_wconf 91' lang='lat' dir='ltr'><strong>modo</strong></span> <span class='ocrx_word' id='word_1_150' title='bbox 1165 1020 1257 1061; x_wconf 90' lang='lat' dir='ltr'><strong>quod</strong></span> <span class='ocrx_word' id='word_1_151' title='bbox 1283 1021 1311 1053; x_wconf 90' lang='lat' dir='ltr'><strong>si</strong></span> <span class='ocrx_word' id='word_1_152' title='bbox 1337 1029 1397 1061; x_wconf 91' lang='lat' dir='ltr'><strong>per</strong></span> <span class='ocrx_word' id='word_1_153' title='bbox 1421 1029 1482 1052; x_wconf 92' lang='lat' dir='ltr'><strong>eos</strong></span> <span class='ocrx_word' id='word_1_154' title='bbox 1507 1022 1539 1052; x_wconf 89' lang='lat' dir='ltr'><strong>et</strong></span> <span class='ocrx_word' id='word_1_155' title='bbox 1564 1020 1749 1061; x_wconf 88' lang='lat' dir='ltr'><strong>quemlibet</strong></span> <span class='ocrx_word' id='word_1_156' title='bbox 1785 1021 1937 1061; x_wconf 89' lang='lat' dir='ltr'><strong>ipsorum</strong></span> <span class='ocrx_word' id='word_1_157' title='bbox 1974 1029 2051 1061; x_wconf 91' lang='lat' dir='ltr'><strong>pre—</strong></span> 
     </span>
     <span class='ocr_line' id='line_1_28' title="bbox 225 1082 2049 1126; baseline -0.002 -8.109"><span class='ocrx_word' id='word_1_158' title='bbox 225 1083 315 1119; x_wconf 73' lang='lat' dir='ltr'><strong>dicta</strong></span> <span class='ocrx_word' id='word_1_159' title='bbox 337 1083 449 1117; x_wconf 87' lang='lat' dir='ltr'><strong>omnia</strong></span> <span class='ocrx_word' id='word_1_160' title='bbox 473 1085 506 1116; x_wconf 88' lang='lat' dir='ltr'><strong>et</strong></span> <span class='ocrx_word' id='word_1_161' title='bbox 530 1083 665 1126; x_wconf 89' lang='lat' dir='ltr'><strong>singula</strong></span> <span class='ocrx_word' id='word_1_162' title='bbox 690 1092 756 1115; x_wconf 93' lang='lat' dir='ltr'><strong>non</strong></span> <span class='ocrx_word' id='word_1_163' title='bbox 781 1082 904 1115; x_wconf 78' lang='lat' dir='ltr'><strong>fuerint</strong></span> <span class='ocrx_word' id='word_1_164' title='bbox 928 1083 1111 1115; x_wconf 86' lang='lat' dir='ltr'><strong>observata</strong></span> <span class='ocrx_word' id='word_1_165' title='bbox 1136 1083 1168 1114; x_wconf 89' lang='lat' dir='ltr'><strong>in</strong></span> <span class='ocrx_word' id='word_1_166' title='bbox 1194 1083 1353 1115; x_wconf 90' lang='lat' dir='ltr'><strong>omnibus</strong></span> <span class='ocrx_word' id='word_1_167' title='bbox 1378 1084 1410 1114; x_wconf 90' lang='lat' dir='ltr'><strong>et</strong></span> <span class='ocrx_word' id='word_1_168' title='bbox 1427 1085 1495 1124; x_wconf 77' lang='lat' dir='ltr'><strong>‘per</strong></span> <span class='ocrx_word' id='word_1_169' title='bbox 1520 1082 1642 1121; x_wconf 89' lang='lat' dir='ltr'><strong>omnia,</strong></span> <span class='ocrx_word' id='word_1_170' title='bbox 1669 1084 1768 1123; x_wconf 91' lang='lat' dir='ltr'><strong>prout</strong></span> <span class='ocrx_word' id='word_1_171' title='bbox 1793 1082 1952 1123; x_wconf 87' lang='lat' dir='ltr'><strong>superius</strong></span> <span class='ocrx_word' id='word_1_172' title='bbox 1970 1083 2049 1114; x_wconf 90' lang='lat' dir='ltr'><strong>sunt</strong></span> 
     </span>
     <span class='ocr_line' id='line_1_29' title="bbox 224 1139 2051 1191; baseline -0.002 -11"><span class='ocrx_word' id='word_1_173' title='bbox 224 1139 404 1191; x_wconf 69' lang='lat' dir='ltr'><strong>promissa,</strong></span> <span class='ocrx_word' id='word_1_174' title='bbox 428 1146 527 1179; x_wconf 81' lang='lat' dir='ltr'><strong>liceat</strong></span> <span class='ocrx_word' id='word_1_175' title='bbox 550 1147 630 1178; x_wconf 87' lang='lat' dir='ltr'><strong>tunc</strong></span> <span class='ocrx_word' id='word_1_176' title='bbox 655 1146 756 1178; x_wconf 85' lang='lat' dir='ltr'><strong>dictis</strong></span> <span class='ocrx_word' id='word_1_177' title='bbox 781 1145 954 1178; x_wconf 86' lang='lat' dir='ltr'><strong>Fratribus</strong></span> <span class='ocrx_word' id='word_1_178' title='bbox 978 1154 1094 1178; x_wconf 89' lang='lat' dir='ltr'><strong>eorum</strong></span> <span class='ocrx_word' id='word_1_179' title='bbox 1119 1145 1257 1186; x_wconf 89' lang='lat' dir='ltr'><strong>propria</strong></span> <span class='ocrx_word' id='word_1_180' title='bbox 1281 1145 1479 1177; x_wconf 89' lang='lat' dir='ltr'><strong>auctoritate</strong></span> <span class='ocrx_word' id='word_1_181' title='bbox 1498 1145 1619 1177; x_wconf 89' lang='lat' dir='ltr'><strong>intrare</strong></span> <span class='ocrx_word' id='word_1_182' title='bbox 1645 1146 1677 1177; x_wconf 90' lang='lat' dir='ltr'><strong>et</strong></span> <span class='ocrx_word' id='word_1_183' title='bbox 1702 1145 1958 1186; x_wconf 87' lang='lat' dir='ltr'><strong>apprehendere</strong></span> <span class='ocrx_word' id='word_1_184' title='bbox 1976 1154 2051 1176; x_wconf 91' lang='lat' dir='ltr'><strong>cor-</strong></span> 
     </span>
     <span class='ocr_line' id='line_1_30' title="bbox 180 1195 2049 1258; baseline -0.002 -17"><span class='ocrx_word' id='word_1_185' title='bbox 180 1221 202 1254; x_wconf 57' lang='grc' dir='ltr'><strong>·;γ</strong></span> <span class='ocrx_word' id='word_1_186' title='bbox 219 1195 374 1258; x_wconf 19' lang='lat' dir='ltr'><strong>»potalem</strong></span> <span class='ocrx_word' id='word_1_187' title='bbox 398 1208 655 1251; x_wconf 86' lang='lat' dir='ltr'><strong>possessionem</strong></span> <span class='ocrx_word' id='word_1_188' title='bbox 681 1208 833 1249; x_wconf 87' lang='lat' dir='ltr'><strong>ipsorum</strong></span> <span class='ocrx_word' id='word_1_189' title='bbox 859 1207 1024 1240; x_wconf 91' lang='lat' dir='ltr'><strong>bonorum</strong></span> <span class='ocrx_word' id='word_1_190' title='bbox 1049 1209 1082 1239; x_wconf 92' lang='lat' dir='ltr'><strong>et</strong></span> <span class='ocrx_word' id='word_1_191' title='bbox 1106 1216 1249 1248; x_wconf 88' lang='lat' dir='ltr'><strong>quorum</strong></span> <span class='ocrx_word' id='word_1_192' title='bbox 1275 1216 1318 1239; x_wconf 89' lang='lat' dir='ltr'><strong>ex</strong></span> <span class='ocrx_word' id='word_1_193' title='bbox 1344 1207 1430 1248; x_wconf 88' lang='lat' dir='ltr'><strong>ipsis</strong></span> <span class='ocrx_word' id='word_1_194' title='bbox 1455 1207 1564 1248; x_wconf 86' lang='lat' dir='ltr'><strong>magis</strong></span> <span class='ocrx_word' id='word_1_195' title='bbox 1590 1206 1767 1239; x_wconf 90' lang='lat' dir='ltr'><strong>voluerint.</strong></span> <span class='ocrx_word' id='word_1_196' title='bbox 1794 1206 1834 1239; x_wconf 86' lang='lat' dir='ltr'><strong>Et</strong></span> <span class='ocrx_word' id='word_1_197' title='bbox 1859 1207 1934 1248; x_wconf 90' lang='lat' dir='ltr'><strong>ipsa</strong></span> <span class='ocrx_word' id='word_1_198' title='bbox 1961 1207 2049 1239; x_wconf 87' lang='lat' dir='ltr'><strong>bona</strong></span> 
     </span>
     <span class='ocr_line' id='line_1_31' title="bbox 173 1257 2050 1316; baseline -0.003 -10"><span class='ocrx_word' id='word_1_199' title='bbox 173 1257 196 1278; x_wconf 24' lang='grc' dir='ltr'><strong>Ὗ</strong></span> <span class='ocrx_word' id='word_1_200' title='bbox 222 1272 259 1307; x_wconf 74' lang='lat' dir='ltr'><strong>et</strong></span> <span class='ocrx_word' id='word_1_201' title='bbox 274 1280 346 1315; x_wconf 51' lang='lat' dir='ltr'><strong>¹que</strong></span> <span class='ocrx_word' id='word_1_202' title='bbox 370 1280 414 1304; x_wconf 88' lang='lat' dir='ltr'><strong>ex</strong></span> <span class='ocrx_word' id='word_1_203' title='bbox 438 1271 524 1313; x_wconf 82' lang='lat' dir='ltr'><strong>ipsis</strong></span> <span class='ocrx_word' id='word_1_204' title='bbox 549 1270 658 1313; x_wconf 86' lang='lat' dir='ltr'><strong>magis</strong></span> <span class='ocrx_word' id='word_1_205' title='bbox 682 1269 850 1303; x_wconf 87' lang='lat' dir='ltr'><strong>voluerint</strong></span> <span class='ocrx_word' id='word_1_206' title='bbox 875 1269 1057 1309; x_wconf 86' lang='lat' dir='ltr'><strong>vendendi,</strong></span> <span class='ocrx_word' id='word_1_207' title='bbox 1082 1269 1252 1302; x_wconf 89' lang='lat' dir='ltr'><strong>alienandi</strong></span> <span class='ocrx_word' id='word_1_208' title='bbox 1270 1271 1303 1301; x_wconf 91' lang='lat' dir='ltr'><strong>et</strong></span> <span class='ocrx_word' id='word_1_209' title='bbox 1321 1269 1353 1301; x_wconf 92' lang='lat' dir='ltr'><strong>in</strong></span> <span class='ocrx_word' id='word_1_210' title='bbox 1371 1269 1498 1302; x_wconf 90' lang='lat' dir='ltr'><strong>dictum</strong></span> <span class='ocrx_word' id='word_1_211' title='bbox 1516 1269 1668 1316; x_wconf 87' lang='lat' dir='ltr'><strong>ordinem</strong></span> <span class='ocrx_word' id='word_1_212' title='bbox 1695 1269 1872 1301; x_wconf 86' lang='lat' dir='ltr'><strong>rettinendi</strong></span> <span class='ocrx_word' id='word_1_213' title='bbox 1898 1270 1930 1301; x_wconf 91' lang='lat' dir='ltr'><strong>et</strong></span> <span class='ocrx_word' id='word_1_214' title='bbox 1955 1269 2050 1310; x_wconf 91' lang='lat' dir='ltr'><strong>quic-</strong></span> 
     </span>
     <span class='ocr_line' id='line_1_32' title="bbox 224 1331 2049 1377; baseline -0.003 -9"><span class='ocrx_word' id='word_1_215' title='bbox 224 1333 307 1377; x_wconf 72' lang='lat' dir='ltr'><strong>quid</strong></span> <span class='ocrx_word' id='word_1_216' title='bbox 331 1333 499 1367; x_wconf 86' lang='lat' dir='ltr'><strong>voluerint</strong></span> <span class='ocrx_word' id='word_1_217' title='bbox 521 1333 668 1366; x_wconf 83' lang='lat' dir='ltr'><strong>faciendi</strong></span> <span class='ocrx_word' id='word_1_218' title='bbox 694 1341 803 1374; x_wconf 90' lang='lat' dir='ltr'><strong>usque</strong></span> <span class='ocrx_word' id='word_1_219' title='bbox 827 1332 871 1365; x_wconf 88' lang='lat' dir='ltr'><strong>ad</strong></span> <span class='ocrx_word' id='word_1_220' title='bbox 896 1332 1060 1374; x_wconf 88' lang='lat' dir='ltr'><strong>integram</strong></span> <span class='ocrx_word' id='word_1_221' title='bbox 1086 1331 1297 1364; x_wconf 85' lang='lat' dir='ltr'><strong>solucionem</strong></span> <span class='ocrx_word' id='word_1_222' title='bbox 1315 1333 1347 1364; x_wconf 88' lang='lat' dir='ltr'><strong>et</strong></span> <span class='ocrx_word' id='word_1_223' title='bbox 1365 1331 1618 1364; x_wconf 85' lang='lat' dir='ltr'><strong>satisfacionem</strong></span> <span class='ocrx_word' id='word_1_224' title='bbox 1645 1332 1873 1373; x_wconf 89' lang='lat' dir='ltr'><strong>predictorum</strong></span> <span class='ocrx_word' id='word_1_225' title='bbox 1899 1332 2049 1364; x_wconf 92' lang='lat' dir='ltr'><strong>omnium</strong></span> 
     </span>
     <span class='ocr_line' id='line_1_33' title="bbox 222 1394 2049 1440; baseline -0.003 -9"><span class='ocrx_word' id='word_1_226' title='bbox 222 1398 259 1438; x_wconf 76' lang='lat' dir='ltr'><strong>et</strong></span> <span class='ocrx_word' id='word_1_227' title='bbox 280 1397 500 1440; x_wconf 83' lang='lat' dir='ltr'><strong>singulorum.</strong></span> <span class='ocrx_word' id='word_1_228' title='bbox 525 1395 566 1429; x_wconf 88' lang='lat' dir='ltr'><strong>Et</strong></span> <span class='ocrx_word' id='word_1_229' title='bbox 589 1405 632 1429; x_wconf 91' lang='lat' dir='ltr'><strong>ex</strong></span> <span class='ocrx_word' id='word_1_230' title='bbox 658 1405 747 1428; x_wconf 88' lang='lat' dir='ltr'><strong>nunc</strong></span> <span class='ocrx_word' id='word_1_231' title='bbox 772 1395 853 1428; x_wconf 92' lang='lat' dir='ltr'><strong>dicti</strong></span> <span class='ocrx_word' id='word_1_232' title='bbox 879 1395 1038 1428; x_wconf 88' lang='lat' dir='ltr'><strong>dominus</strong></span> <span class='ocrx_word' id='word_1_233' title='bbox 1062 1395 1172 1428; x_wconf 91' lang='lat' dir='ltr'><strong>abbas</strong></span> <span class='ocrx_word' id='word_1_234' title='bbox 1196 1397 1228 1427; x_wconf 91' lang='lat' dir='ltr'><strong>et</strong></span> <span class='ocrx_word' id='word_1_235' title='bbox 1253 1395 1386 1427; x_wconf 89' lang='lat' dir='ltr'><strong>monaci</strong></span> <span class='ocrx_word' id='word_1_236' title='bbox 1419 1395 1554 1426; x_wconf 90' lang='lat' dir='ltr'><strong>nomine</strong></span> <span class='ocrx_word' id='word_1_237' title='bbox 1591 1394 1671 1427; x_wconf 91' lang='lat' dir='ltr'><strong>dicti</strong></span> <span class='ocrx_word' id='word_1_238' title='bbox 1708 1395 1902 1427; x_wconf 88' lang='lat' dir='ltr'><strong>monasterii</strong></span> <span class='ocrx_word' id='word_1_239' title='bbox 1939 1395 2049 1427; x_wconf 89' lang='lat' dir='ltr'><strong>eidem</strong></span> 
     </span>
     <span class='ocr_line' id='line_1_34' title="bbox 223 1455 2051 1504; baseline -0.003 -10"><span class='ocrx_word' id='word_1_240' title='bbox 223 1455 316 1495; x_wconf 63' lang='lat' dir='ltr'><strong>fiatri</strong></span> <span class='ocrx_word' id='word_1_241' title='bbox 340 1458 440 1493; x_wconf 76' lang='lat' dir='ltr'><strong>Petro</strong></span> <span class='ocrx_word' id='word_1_242' title='bbox 465 1458 599 1492; x_wconf 87' lang='lat' dir='ltr'><strong>nomine</strong></span> <span class='ocrx_word' id='word_1_243' title='bbox 624 1458 704 1491; x_wconf 90' lang='lat' dir='ltr'><strong>dicti</strong></span> <span class='ocrx_word' id='word_1_244' title='bbox 729 1458 859 1491; x_wconf 89' lang='lat' dir='ltr'><strong>ordinis</strong></span> <span class='ocrx_word' id='word_1_245' title='bbox 884 1458 1060 1504; x_wconf 84' lang='lat' dir='ltr'><strong>licenciam</strong></span> <span class='ocrx_word' id='word_1_246' title='bbox 1085 1459 1118 1490; x_wconf 91' lang='lat' dir='ltr'><strong>et</strong></span> <span class='ocrx_word' id='word_1_247' title='bbox 1142 1457 1376 1490; x_wconf 79' lang='lat' dir='ltr'><strong>auctoritatem</strong></span> <span class='ocrx_word' id='word_1_248' title='bbox 1401 1457 1631 1489; x_wconf 89' lang='lat' dir='ltr'><strong>omnimodam</strong></span> <span class='ocrx_word' id='word_1_249' title='bbox 1660 1457 1827 1490; x_wconf 89' lang='lat' dir='ltr'><strong>dederunt</strong></span> <span class='ocrx_word' id='word_1_250' title='bbox 1851 1458 1883 1489; x_wconf 91' lang='lat' dir='ltr'><strong>et</strong></span> <span class='ocrx_word' id='word_1_251' title='bbox 1909 1465 2051 1489; x_wconf 90' lang='lat' dir='ltr'><strong>conces—</strong></span> 
     </span>
     <span class='ocr_line' id='line_1_35' title="bbox 220 1510 2050 1563; baseline -0.003 -7"><span class='ocrx_word' id='word_1_252' title='bbox 220 1519 350 1557; x_wconf 66' lang='lat' dir='ltr'><strong>serunt.</strong></span> <span class='ocrx_word' id='word_1_253' title='bbox 374 1520 415 1555; x_wconf 88' lang='lat' dir='ltr'><strong>Et</strong></span> <span class='ocrx_word' id='word_1_254' title='bbox 439 1530 501 1563; x_wconf 89' lang='lat' dir='ltr'><strong>pro</strong></span> <span class='ocrx_word' id='word_1_255' title='bbox 525 1521 592 1554; x_wconf 91' lang='lat' dir='ltr'><strong>hiis</strong></span> <span class='ocrx_word' id='word_1_256' title='bbox 616 1510 830 1560; x_wconf 86' lang='lat' dir='ltr'><strong>vendicione‚</strong></span> <span class='ocrx_word' id='word_1_257' title='bbox 861 1520 1085 1559; x_wconf 87' lang='lat' dir='ltr'><strong>traddicione,</strong></span> <span class='ocrx_word' id='word_1_258' title='bbox 1122 1520 1290 1559; x_wconf 89' lang='lat' dir='ltr'><strong>cessione,</strong></span> <span class='ocrx_word' id='word_1_259' title='bbox 1327 1519 1438 1561; x_wconf 87' lang='lat' dir='ltr'><strong>pactis</strong></span> <span class='ocrx_word' id='word_1_260' title='bbox 1463 1521 1495 1551; x_wconf 89' lang='lat' dir='ltr'><strong>et</strong></span> <span class='ocrx_word' id='word_1_261' title='bbox 1521 1519 1810 1560; x_wconf 89' lang='lat' dir='ltr'><strong>promissionibus</strong></span> <span class='ocrx_word' id='word_1_262' title='bbox 1834 1521 1867 1552; x_wconf 93' lang='lat' dir='ltr'><strong>et</strong></span> <span class='ocrx_word' id='word_1_263' title='bbox 1891 1519 2050 1551; x_wconf 88' lang='lat' dir='ltr'><strong>omnibus</strong></span> 
     </span>
     <span class='ocr_line' id='line_1_36' title="bbox 222 1570 2052 1627; baseline -0.003 -8"><span class='ocrx_word' id='word_1_264' title='bbox 222 1572 259 1619; x_wconf 70' lang='lat' dir='ltr'><strong>et</strong></span> <span class='ocrx_word' id='word_1_265' title='bbox 281 1570 424 1627; x_wconf 72' lang='lat' dir='ltr'><strong>singulis</strong></span> <span class='ocrx_word' id='word_1_266' title='bbox 448 1583 692 1626; x_wconf 87' lang='lat' dir='ltr'><strong>suprascriptis</strong></span> <span class='ocrx_word' id='word_1_267' title='bbox 715 1583 850 1616; x_wconf 83' lang='lat' dir='ltr'><strong>fuerunt</strong></span> <span class='ocrx_word' id='word_1_268' title='bbox 875 1582 1024 1616; x_wconf 83' lang='lat' dir='ltr'><strong>confessi</strong></span> <span class='ocrx_word' id='word_1_269' title='bbox 1050 1582 1130 1615; x_wconf 92' lang='lat' dir='ltr'><strong>dicti</strong></span> <span class='ocrx_word' id='word_1_270' title='bbox 1156 1582 1315 1614; x_wconf 90' lang='lat' dir='ltr'><strong>dominus</strong></span> <span class='ocrx_word' id='word_1_271' title='bbox 1340 1581 1450 1614; x_wconf 90' lang='lat' dir='ltr'><strong>abbas</strong></span> <span class='ocrx_word' id='word_1_272' title='bbox 1475 1583 1507 1614; x_wconf 92' lang='lat' dir='ltr'><strong>et</strong></span> <span class='ocrx_word' id='word_1_273' title='bbox 1531 1581 1651 1614; x_wconf 86' lang='lat' dir='ltr'><strong>fratres</strong></span> <span class='ocrx_word' id='word_1_274' title='bbox 1677 1581 1811 1614; x_wconf 90' lang='lat' dir='ltr'><strong>nomine</strong></span> <span class='ocrx_word' id='word_1_275' title='bbox 1837 1581 1916 1614; x_wconf 92' lang='lat' dir='ltr'><strong>dicti</strong></span> <span class='ocrx_word' id='word_1_276' title='bbox 1936 1591 2052 1613; x_wconf 87' lang='lat' dir='ltr'><strong>mona-</strong></span> 
     </span>
     <span class='ocr_line' id='line_1_37' title="bbox 172 1628 2051 1690; baseline -0.003 -9"><span class='ocrx_word' id='word_1_277' title='bbox 172 1628 317 1690; x_wconf 45' lang='lat' dir='ltr'><strong>}”sterii</strong></span> <span class='ocrx_word' id='word_1_278' title='bbox 337 1654 462 1680; x_wconf 74' lang='lat' dir='ltr'><strong>versus</strong></span> <span class='ocrx_word' id='word_1_279' title='bbox 486 1645 613 1679; x_wconf 91' lang='lat' dir='ltr'><strong>dictum</strong></span> <span class='ocrx_word' id='word_1_280' title='bbox 638 1645 773 1678; x_wconf 85' lang='lat' dir='ltr'><strong>fratrem</strong></span> <span class='ocrx_word' id='word_1_281' title='bbox 809 1644 945 1678; x_wconf 87' lang='lat' dir='ltr'><strong>Petrum</strong></span> <span class='ocrx_word' id='word_1_282' title='bbox 971 1653 1008 1678; x_wconf 91' lang='lat' dir='ltr'><strong>se</strong></span> <span class='ocrx_word' id='word_1_283' title='bbox 1033 1644 1211 1686; x_wconf 88' lang='lat' dir='ltr'><strong>accepisse</strong></span> <span class='ocrx_word' id='word_1_284' title='bbox 1236 1645 1269 1676; x_wconf 90' lang='lat' dir='ltr'><strong>et</strong></span> <span class='ocrx_word' id='word_1_285' title='bbox 1294 1644 1457 1677; x_wconf 87' lang='lat' dir='ltr'><strong>habuisse</strong></span> <span class='ocrx_word' id='word_1_286' title='bbox 1483 1645 1515 1676; x_wconf 89' lang='lat' dir='ltr'><strong>et</strong></span> <span class='ocrx_word' id='word_1_287' title='bbox 1540 1644 1582 1676; x_wconf 91' lang='lat' dir='ltr'><strong>de</strong></span> <span class='ocrx_word' id='word_1_288' title='bbox 1619 1644 1768 1676; x_wconf 88' lang='lat' dir='ltr'><strong>denariis</strong></span> <span class='ocrx_word' id='word_1_289' title='bbox 1804 1643 1884 1676; x_wconf 92' lang='lat' dir='ltr'><strong>dicti</strong></span> <span class='ocrx_word' id='word_1_290' title='bbox 1922 1643 2051 1676; x_wconf 90' lang='lat' dir='ltr'><strong>ordinis</strong></span> 
     </span>
     <span class='ocr_line' id='line_1_38' title="bbox 223 1705 1968 1755; baseline -0.002 -13.114"><span class='ocrx_word' id='word_1_291' title='bbox 223 1709 373 1753; x_wconf 75' lang='lat' dir='ltr'><strong>precium</strong></span> <span class='ocrx_word' id='word_1_292' title='bbox 398 1708 679 1750; x_wconf 81' lang='lat' dir='ltr'><strong>suprascriptum,</strong></span> <span class='ocrx_word' id='word_1_293' title='bbox 705 1707 864 1755; x_wconf 88' lang='lat' dir='ltr'><strong>videlicet</strong></span> <span class='ocrx_word' id='word_1_294' title='bbox 888 1707 992 1740; x_wconf 89' lang='lat' dir='ltr'><strong>libras</strong></span> <span class='ocrx_word' id='word_1_295' title='bbox 1017 1707 1306 1748; x_wconf 91' lang='lat' dir='ltr'><strong>quinquecentum</strong></span> <span class='ocrx_word' id='word_1_296' title='bbox 1331 1706 1517 1748; x_wconf 89' lang='lat' dir='ltr'><strong>papienses</strong></span> <span class='ocrx_word' id='word_1_297' title='bbox 1542 1706 1574 1738; x_wconf 90' lang='lat' dir='ltr'><strong>in</strong></span> <span class='ocrx_word' id='word_1_298' title='bbox 1600 1705 1749 1738; x_wconf 91' lang='lat' dir='ltr'><strong>denariis</strong></span> <span class='ocrx_word' id='word_1_299' title='bbox 1774 1706 1968 1738; x_wconf 86' lang='lat' dir='ltr'><strong>numeratis.</strong></span> 
     </span>
    </p>

    <p class='ocr_par' dir='ltr' id='par_1_6' title="bbox 221 1756 2053 2059">
     <span class='ocr_line' id='line_1_39' title="bbox 238 1756 2052 1812; baseline -0.003 -7"><span class='ocrx_word' id='word_1_300' title='bbox 238 1809 239 1812; x_wconf 11' lang='grc' dir='ltr'><strong>Ἰ</strong></span> <span class='ocrx_word' id='word_1_301' title='bbox 311 1769 556 1805; x_wconf 85' lang='lat' dir='ltr'><strong>Renunciando</strong></span> <span class='ocrx_word' id='word_1_302' title='bbox 580 1770 775 1812; x_wconf 88' lang='lat' dir='ltr'><strong>exceptioni</strong></span> <span class='ocrx_word' id='word_1_303' title='bbox 800 1779 867 1803; x_wconf 91' lang='lat' dir='ltr'><strong>non</strong></span> <span class='ocrx_word' id='word_1_304' title='bbox 892 1771 1033 1811; x_wconf 88' lang='lat' dir='ltr'><strong>accepte</strong></span> <span class='ocrx_word' id='word_1_305' title='bbox 1058 1771 1091 1802; x_wconf 88' lang='lat' dir='ltr'><strong>et</strong></span> <span class='ocrx_word' id='word_1_306' title='bbox 1116 1778 1183 1801; x_wconf 92' lang='lat' dir='ltr'><strong>non</strong></span> <span class='ocrx_word' id='word_1_307' title='bbox 1220 1770 1392 1802; x_wconf 89' lang='lat' dir='ltr'><strong>numerate</strong></span> <span class='ocrx_word' id='word_1_308' title='bbox 1419 1768 1563 1810; x_wconf 91' lang='lat' dir='ltr'><strong>pecunie</strong></span> <span class='ocrx_word' id='word_1_309' title='bbox 1589 1770 1621 1800; x_wconf 88' lang='lat' dir='ltr'><strong>et</strong></span> <span class='ocrx_word' id='word_1_310' title='bbox 1646 1768 1805 1800; x_wconf 90' lang='lat' dir='ltr'><strong>omnibus</strong></span> <span class='ocrx_word' id='word_1_311' title='bbox 1842 1756 2052 1810; x_wconf 89' lang='lat' dir='ltr'><strong>probationi-</strong></span> 
     </span>
     <span class='ocr_line' id='line_1_40' title="bbox 224 1821 2051 1877; baseline -0.002 -10"><span class='ocrx_word' id='word_1_312' title='bbox 224 1821 291 1877; x_wconf 63' lang='lat' dir='ltr'><strong>bus</strong></span> <span class='ocrx_word' id='word_1_313' title='bbox 313 1835 347 1868; x_wconf 86' lang='lat' dir='ltr'><strong>et</strong></span> <span class='ocrx_word' id='word_1_314' title='bbox 369 1833 640 1876; x_wconf 89' lang='lat' dir='ltr'><strong>producionibus</strong></span> <span class='ocrx_word' id='word_1_315' title='bbox 663 1833 800 1866; x_wconf 88' lang='lat' dir='ltr'><strong>testium</strong></span> <span class='ocrx_word' id='word_1_316' title='bbox 825 1834 942 1866; x_wconf 88' lang='lat' dir='ltr'><strong>contra</strong></span> <span class='ocrx_word' id='word_1_317' title='bbox 967 1832 1119 1874; x_wconf 89' lang='lat' dir='ltr'><strong>predicta</strong></span> <span class='ocrx_word' id='word_1_318' title='bbox 1144 1832 1258 1864; x_wconf 92' lang='lat' dir='ltr'><strong>omnia</strong></span> <span class='ocrx_word' id='word_1_319' title='bbox 1283 1833 1315 1864; x_wconf 88' lang='lat' dir='ltr'><strong>et</strong></span> <span class='ocrx_word' id='word_1_320' title='bbox 1340 1831 1496 1874; x_wconf 68' lang='lat' dir='ltr'><strong>singula·</strong></span> <span class='ocrx_word' id='word_1_321' title='bbox 1511 1831 1552 1864; x_wconf 86' lang='lat' dir='ltr'><strong>Et</strong></span> <span class='ocrx_word' id='word_1_322' title='bbox 1569 1831 1647 1863; x_wconf 89' lang='lat' dir='ltr'><strong>inde</strong></span> <span class='ocrx_word' id='word_1_323' title='bbox 1665 1831 1746 1863; x_wconf 93' lang='lat' dir='ltr'><strong>dicti</strong></span> <span class='ocrx_word' id='word_1_324' title='bbox 1765 1831 1924 1864; x_wconf 90' lang='lat' dir='ltr'><strong>dominus</strong></span> <span class='ocrx_word' id='word_1_325' title='bbox 1941 1831 2051 1863; x_wconf 85' lang='lat' dir='ltr'><strong>abbas</strong></span> 
     </span>
     <span class='ocr_line' id='line_1_41' title="bbox 223 1889 2053 1935; baseline -0.004 -4"><span class='ocrx_word' id='word_1_326' title='bbox 223 1897 259 1933; x_wconf 59' lang='lat' dir='ltr'><strong>§t</strong></span> <span class='ocrx_word' id='word_1_327' title='bbox 278 1889 399 1930; x_wconf 67' lang='lat' dir='ltr'><strong>fratres</strong></span> <span class='ocrx_word' id='word_1_328' title='bbox 423 1896 558 1929; x_wconf 90' lang='lat' dir='ltr'><strong>nomine</strong></span> <span class='ocrx_word' id='word_1_329' title='bbox 582 1895 663 1929; x_wconf 88' lang='lat' dir='ltr'><strong>dicti</strong></span> <span class='ocrx_word' id='word_1_330' title='bbox 689 1895 896 1935; x_wconf 89' lang='lat' dir='ltr'><strong>monasterii,</strong></span> <span class='ocrx_word' id='word_1_331' title='bbox 921 1896 953 1928; x_wconf 88' lang='lat' dir='ltr'><strong>et</strong></span> <span class='ocrx_word' id='word_1_332' title='bbox 977 1895 1090 1927; x_wconf 92' lang='lat' dir='ltr'><strong>dictus</strong></span> <span class='ocrx_word' id='word_1_333' title='bbox 1114 1894 1216 1927; x_wconf 89' lang='lat' dir='ltr'><strong>frater</strong></span> <span class='ocrx_word' id='word_1_334' title='bbox 1247 1893 1369 1926; x_wconf 85' lang='lat' dir='ltr'><strong>Petrus</strong></span> <span class='ocrx_word' id='word_1_335' title='bbox 1391 1894 1541 1926; x_wconf 82' lang='lat' dir='ltr'><strong>&#39;nomine</strong></span> <span class='ocrx_word' id='word_1_336' title='bbox 1566 1893 1647 1926; x_wconf 92' lang='lat' dir='ltr'><strong>dicti</strong></span> <span class='ocrx_word' id='word_1_337' title='bbox 1688 1893 1818 1926; x_wconf 89' lang='lat' dir='ltr'><strong>ordinis</strong></span> <span class='ocrx_word' id='word_1_338' title='bbox 1855 1893 1941 1926; x_wconf 86' lang='lat' dir='ltr'><strong>hanc</strong></span> <span class='ocrx_word' id='word_1_339' title='bbox 1979 1902 2053 1925; x_wconf 84' lang='lat' dir='ltr'><strong>car-</strong></span> 
     </span>
     <span class='ocr_line' id='line_1_42' title="bbox 221 1954 2052 2002; baseline -0.003 -10"><span class='ocrx_word' id='word_1_340' title='bbox 221 1959 292 2002; x_wconf 63' lang='lat'>¹²¹¹!</span> <span class='ocrx_word' id='word_1_341' title='bbox 314 1958 386 1992; x_wconf 80' lang='lat' dir='ltr'><strong>fieri</strong></span> <span class='ocrx_word' id='word_1_342' title='bbox 410 1959 582 1992; x_wconf 89' lang='lat' dir='ltr'><strong>iusserunt</strong></span> <span class='ocrx_word' id='word_1_343' title='bbox 605 1960 639 1991; x_wconf 86' lang='lat' dir='ltr'><strong>et</strong></span> <span class='ocrx_word' id='word_1_344' title='bbox 662 1959 877 2000; x_wconf 87' lang='lat' dir='ltr'><strong>rogaverunt.</strong></span> <span class='ocrx_word' id='word_1_345' title='bbox 903 1956 1125 1990; x_wconf 85' lang='lat' dir='ltr'><strong>Interfuerunt</strong></span> <span class='ocrx_word' id='word_1_346' title='bbox 1150 1956 1342 1989; x_wconf 89' lang='lat' dir='ltr'><strong>lacominus</strong></span> <span class='ocrx_word' id='word_1_347' title='bbox 1367 1955 1548 1995; x_wconf 87' lang='lat' dir='ltr'><strong>Muricula‚</strong></span> <span class='ocrx_word' id='word_1_348' title='bbox 1566 1954 1712 1988; x_wconf 86' lang='lat' dir='ltr'><strong>Ciranus</strong></span> <span class='ocrx_word' id='word_1_349' title='bbox 1730 1955 1772 1988; x_wconf 88' lang='lat' dir='ltr'><strong>de</strong></span> <span class='ocrx_word' id='word_1_350' title='bbox 1790 1955 1952 1994; x_wconf 68' lang='lat' dir='ltr'><strong>Laroctra,</strong></span> <span class='ocrx_word' id='word_1_351' title='bbox 1970 1954 2052 1987; x_wconf 88' lang='lat' dir='ltr'><strong>Ber-</strong></span> 
     </span>
     <span class='ocr_line' id='line_1_43' title="bbox 225 2018 1287 2059; baseline -0.003 -4"><span class='ocrx_word' id='word_1_352' title='bbox 225 2018 364 2057; x_wconf 61' lang='lat' dir='ltr'><strong>follinus</strong></span> <span class='ocrx_word' id='word_1_353' title='bbox 387 2019 498 2055; x_wconf 83' lang='lat' dir='ltr'><strong>Gatus</strong></span> <span class='ocrx_word' id='word_1_354' title='bbox 522 2022 555 2054; x_wconf 82' lang='lat' dir='ltr'><strong>et</strong></span> <span class='ocrx_word' id='word_1_355' title='bbox 579 2019 791 2055; x_wconf 83' lang='lat' dir='ltr'><strong>Rolandinus</strong></span> <span class='ocrx_word' id='word_1_356' title='bbox 816 2018 1042 2059; x_wconf 85' lang='lat' dir='ltr'><strong>Sclafenatus‚</strong></span> <span class='ocrx_word' id='word_1_357' title='bbox 1067 2019 1145 2051; x_wconf 91' lang='lat' dir='ltr'><strong>inde</strong></span> <span class='ocrx_word' id='word_1_358' title='bbox 1170 2020 1287 2053; x_wconf 81' lang='lat' dir='ltr'><strong>testes,</strong></span> 
     </span>
    </p>

    <p class='ocr_par' dir='ltr' id='par_1_7' title="bbox 173 2081 2051 2257">
     <span class='ocr_line' id='line_1_44' title="bbox 175 2081 2051 2127; baseline -0.003 -10"><span class='ocrx_word' id='word_1_359' title='bbox 175 2122 177 2126; x_wconf 19' lang='lat' dir='ltr'>y</span> <span class='ocrx_word' id='word_1_360' title='bbox 314 2082 387 2127; x_wconf 86' lang='lat' dir='ltr'><strong>Ego</strong></span> <span class='ocrx_word' id='word_1_361' title='bbox 410 2083 578 2117; x_wconf 89' lang='lat' dir='ltr'><strong>lohannes</strong></span> <span class='ocrx_word' id='word_1_362' title='bbox 602 2082 800 2116; x_wconf 88' lang='lat' dir='ltr'><strong>Panizarius</strong></span> <span class='ocrx_word' id='word_1_363' title='bbox 825 2082 1002 2124; x_wconf 90' lang='lat' dir='ltr'><strong>papiensis</strong></span> <span class='ocrx_word' id='word_1_364' title='bbox 1027 2082 1212 2124; x_wconf 89' lang='lat' dir='ltr'><strong>pubblicus</strong></span> <span class='ocrx_word' id='word_1_365' title='bbox 1238 2081 1404 2123; x_wconf 90' lang='lat' dir='ltr'><strong>Imperiali</strong></span> <span class='ocrx_word' id='word_1_366' title='bbox 1430 2081 1630 2114; x_wconf 87' lang='lat' dir='ltr'><strong>auctoritate</strong></span> <span class='ocrx_word' id='word_1_367' title='bbox 1671 2081 1823 2113; x_wconf 90' lang='lat' dir='ltr'><strong>notarius</strong></span> <span class='ocrx_word' id='word_1_368' title='bbox 1853 2081 1939 2113; x_wconf 90' lang='lat' dir='ltr'><strong>hanc</strong></span> <span class='ocrx_word' id='word_1_369' title='bbox 1977 2090 2051 2113; x_wconf 88' lang='lat' dir='ltr'><strong>car-</strong></span> 
     </span>
     <span class='ocr_line' id='line_1_45' title="bbox 173 2137 2051 2186; baseline -0.003 -5"><span class='ocrx_word' id='word_1_370' title='bbox 173 2137 179 2145; x_wconf 67' lang='lat'><strong><em>⁷</em></strong></span> <span class='ocrx_word' id='word_1_371' title='bbox 224 2147 292 2181; x_wconf 74' lang='lat' dir='ltr'><strong>tam</strong></span> <span class='ocrx_word' id='word_1_372' title='bbox 316 2146 486 2180; x_wconf 84' lang='lat' dir='ltr'><strong>inventam</strong></span> <span class='ocrx_word' id='word_1_373' title='bbox 510 2148 544 2179; x_wconf 88' lang='lat' dir='ltr'><strong>et</strong></span> <span class='ocrx_word' id='word_1_374' title='bbox 567 2147 753 2179; x_wconf 86' lang='lat' dir='ltr'><strong>extractam</strong></span> <span class='ocrx_word' id='word_1_375' title='bbox 778 2145 820 2178; x_wconf 91' lang='lat' dir='ltr'><strong>de</strong></span> <span class='ocrx_word' id='word_1_376' title='bbox 846 2145 1024 2178; x_wconf 88' lang='lat' dir='ltr'><strong>breviariis</strong></span> <span class='ocrx_word' id='word_1_377' title='bbox 1049 2144 1222 2186; x_wconf 89' lang='lat' dir='ltr'><strong>quondam</strong></span> <span class='ocrx_word' id='word_1_378' title='bbox 1247 2143 1429 2186; x_wconf 85' lang='lat' dir='ltr'><strong>Augustini</strong></span> <span class='ocrx_word' id='word_1_379' title='bbox 1470 2142 1635 2176; x_wconf 88' lang='lat' dir='ltr'><strong>Panizarii</strong></span> <span class='ocrx_word' id='word_1_380' title='bbox 1672 2143 1792 2176; x_wconf 91' lang='lat' dir='ltr'><strong>notarii</strong></span> <span class='ocrx_word' id='word_1_381' title='bbox 1829 2143 1908 2175; x_wconf 90' lang='lat' dir='ltr'><strong>olim</strong></span> <span class='ocrx_word' id='word_1_382' title='bbox 1944 2143 2051 2184; x_wconf 89' lang='lat' dir='ltr'><strong>patris</strong></span> 
     </span>
     <span class='ocr_line' id='line_1_46' title="bbox 173 2208 862 2257; baseline -0.006 -13"><span class='ocrx_word' id='word_1_383' title='bbox 173 2209 292 2257; x_wconf 46' lang='lat' dir='ltr'><strong>susm&amp;</strong></span> <span class='ocrx_word' id='word_1_384' title='bbox 315 2209 416 2243; x_wconf 87' lang='lat' dir='ltr'><strong>miehi</strong></span> <span class='ocrx_word' id='word_1_385' title='bbox 441 2209 636 2242; x_wconf 86' lang='lat' dir='ltr'><strong>commissis</strong></span> <span class='ocrx_word' id='word_1_386' title='bbox 661 2208 862 2250; x_wconf 91' lang='lat' dir='ltr'><strong>subscripsi.</strong></span> 
     </span>
    </p>

    <p class='ocr_par' dir='ltr' id='par_1_8' title="bbox 220 2256 2051 2374">
     <span class='ocr_line' id='line_1_47' title="bbox 220 2256 2051 2314; baseline -0.003 -10"><span class='ocrx_word' id='word_1_387' title='bbox 220 2256 224 2263; x_wconf 43' lang='lat'><strong>⁴</strong></span> <span class='ocrx_word' id='word_1_388' title='bbox 314 2270 388 2314; x_wconf 82' lang='lat' dir='ltr'><strong>Ego</strong></span> <span class='ocrx_word' id='word_1_389' title='bbox 411 2270 642 2304; x_wconf 91' lang='lat' dir='ltr'><strong>Lantelminus</strong></span> <span class='ocrx_word' id='word_1_390' title='bbox 667 2270 838 2304; x_wconf 88' lang='lat' dir='ltr'><strong>Muricula</strong></span> <span class='ocrx_word' id='word_1_391' title='bbox 862 2271 1014 2304; x_wconf 90' lang='lat' dir='ltr'><strong>notarius</strong></span> <span class='ocrx_word' id='word_1_392' title='bbox 1039 2271 1217 2312; x_wconf 88' lang='lat' dir='ltr'><strong>papiensis</strong></span> <span class='ocrx_word' id='word_1_393' title='bbox 1242 2270 1328 2304; x_wconf 88' lang='lat' dir='ltr'><strong>hanc</strong></span> <span class='ocrx_word' id='word_1_394' title='bbox 1353 2271 1480 2303; x_wconf 89' lang='lat' dir='ltr'><strong>cartam</strong></span> <span class='ocrx_word' id='word_1_395' title='bbox 1505 2270 1601 2302; x_wconf 87' lang='lat' dir='ltr'><strong>iussu</strong></span> <span class='ocrx_word' id='word_1_396' title='bbox 1640 2268 1863 2310; x_wconf 89' lang='lat' dir='ltr'><strong>suprascripti</strong></span> <span class='ocrx_word' id='word_1_397' title='bbox 1890 2267 2051 2300; x_wconf 83' lang='lat' dir='ltr'><strong>iohannis</strong></span> 
     </span>
     <span class='ocr_line' id='line_1_48' title="bbox 224 2326 779 2374; baseline -0.004 -7"><span class='ocrx_word' id='word_1_398' title='bbox 224 2331 270 2367; x_wconf 75' lang='lat' dir='ltr'><strong>de</strong></span> <span class='ocrx_word' id='word_1_399' title='bbox 292 2326 478 2367; x_wconf 79' lang='lat' dir='ltr'><strong>Panizariis</strong></span> <span class='ocrx_word' id='word_1_400' title='bbox 502 2333 621 2366; x_wconf 86' lang='lat' dir='ltr'><strong>notarii</strong></span> <span class='ocrx_word' id='word_1_401' title='bbox 646 2333 779 2374; x_wconf 86' lang='lat' dir='ltr'><strong>scripsi.</strong></span> 
     </span>
    </p>
   </div>
   <div class='ocr_carea' id='block_1_5' title="bbox 1892 0 2319 26">
    <p class='ocr_par' dir='ltr' id='par_1_9' title="bbox 1892 0 2379 27">
     <span class='ocr_line' id='line_1_49' title="bbox 1892 0 2319 26; baseline -0.004 0"><span class='ocrx_word' id='word_1_402' title='bbox 1892 0 1905 7; x_wconf 44' lang='lat' dir='ltr'>ff</span> <span class='ocrx_word' id='word_1_403' title='bbox 2005 0 2319 26; x_wconf 46' lang='lat' dir='ltr'><strong>*Wffssvrww</strong></span> 
     </span>
    </p>
   </div>
  </div>
 </body>
</html>
