<?xml version="1.0" encoding="UTF-8"?>
<!DOCTYPE html PUBLIC "-//W3C//DTD XHTML 1.0 Transitional//EN"
    "http://www.w3.org/TR/xhtml1/DTD/xhtml1-transitional.dtd">
<html xmlns="http://www.w3.org/1999/xhtml" xml:lang="en" lang="en">
 <head>
  <title>
</title>
<meta http-equiv="Content-Type" content="text/html;charset=utf-8" />
  <meta name='ocr-system' content='tesseract 3.04.00' />
  <meta name='ocr-capabilities' content='ocr_page ocr_carea ocr_par ocr_line ocrx_word'/>
</head>
<body>
  <div class='ocr_page' id='page_1' title='image "./codexdiplomaticu01maiouoft_0087.png"; bbox 0 0 2496 3600; ppageno 0'>
   <div class='ocr_carea' id='block_1_1' title="bbox 0 0 154 3600">
    <p class='ocr_par' dir='ltr' id='par_1_1' title="bbox 0 0 154 3600">
     <span class='ocr_line' id='line_1_1' title="bbox 0 0 154 3600; baseline 0 0"><span class='ocrx_word' id='word_1_1' title='bbox 0 0 154 3600; x_wconf 95' lang='lat' dir='ltr'> </span> 
     </span>
    </p>
   </div>
   <div class='ocr_carea' id='block_1_2' title="bbox 1959 262 1998 292">
    <p class='ocr_par' dir='ltr' id='par_1_2' title="bbox 1959 262 1998 292">
     <span class='ocr_line' id='line_1_2' title="bbox 1959 262 1998 292; baseline 0 0"><span class='ocrx_word' id='word_1_2' title='bbox 1959 262 1998 292; x_wconf 90' lang='lat'>17</span> 
     </span>
    </p>
   </div>
   <div class='ocr_carea' id='block_1_3' title="bbox 947 325 2007 334">
    <p class='ocr_par' dir='ltr' id='par_1_3' title="bbox 947 325 2007 334">
     <span class='ocr_line' id='line_1_3' title="bbox 947 325 2007 334; baseline 0 0"><span class='ocrx_word' id='word_1_3' title='bbox 947 325 2007 334; x_wconf 95' lang='lat' dir='ltr'> </span> 
     </span>
    </p>
   </div>
   <div class='ocr_carea' id='block_1_4' title="bbox 173 388 2001 3166">
    <p class='ocr_par' dir='ltr' id='par_1_4' title="bbox 173 388 2001 3166">
     <span class='ocr_line' id='line_1_4' title="bbox 176 388 2000 435; baseline 0.002 -13"><span class='ocrx_word' id='word_1_4' title='bbox 176 399 244 423; x_wconf 83' lang='lat' dir='ltr'>non</span> <span class='ocrx_word' id='word_1_5' title='bbox 269 389 413 429; x_wconf 89' lang='lat' dir='ltr'>valente,</span> <span class='ocrx_word' id='word_1_6' title='bbox 438 389 491 422; x_wconf 91' lang='lat' dir='ltr'>vel</span> <span class='ocrx_word' id='word_1_7' title='bbox 517 389 662 429; x_wconf 91' lang='lat' dir='ltr'>nolente,</span> <span class='ocrx_word' id='word_1_8' title='bbox 687 391 766 422; x_wconf 92' lang='lat' dir='ltr'>tunc</span> <span class='ocrx_word' id='word_1_9' title='bbox 792 388 888 421; x_wconf 84' lang='lat' dir='ltr'>Prior</span> <span class='ocrx_word' id='word_1_10' title='bbox 911 389 1095 422; x_wconf 90' lang='lat' dir='ltr'>eorundem</span> <span class='ocrx_word' id='word_1_11' title='bbox 1121 388 1271 421; x_wconf 86' lang='lat' dir='ltr'><strong>Fratrum</strong></span> <span class='ocrx_word' id='word_1_12' title='bbox 1296 390 1375 422; x_wconf 93' lang='lat' dir='ltr'>dicti</span> <span class='ocrx_word' id='word_1_13' title='bbox 1403 390 1478 429; x_wconf 88' lang='lat' dir='ltr'>loci,</span> <span class='ocrx_word' id='word_1_14' title='bbox 1504 390 1556 422; x_wconf 90' lang='lat' dir='ltr'>vel</span> <span class='ocrx_word' id='word_1_15' title='bbox 1583 391 1622 430; x_wconf 90' lang='lat' dir='ltr'>is,</span> <span class='ocrx_word' id='word_1_16' title='bbox 1648 392 1700 423; x_wconf 90' lang='lat' dir='ltr'>cui</span> <span class='ocrx_word' id='word_1_17' title='bbox 1727 401 1786 433; x_wconf 88' lang='lat' dir='ltr'>per</span> <span class='ocrx_word' id='word_1_18' title='bbox 1804 392 1934 426; x_wconf 89' lang='lat' dir='ltr'>Fratres</span> <span class='ocrx_word' id='word_1_19' title='bbox 1949 395 2000 435; x_wconf 88' lang='lat' dir='ltr'>ip—</span> 
     </span>
     <span class='ocr_line' id='line_1_5' title="bbox 175 451 1999 496; baseline 0.002 -12"><span class='ocrx_word' id='word_1_20' title='bbox 175 459 246 491; x_wconf 91' lang='lat' dir='ltr'>sos,</span> <span class='ocrx_word' id='word_1_21' title='bbox 271 452 366 484; x_wconf 90' lang='lat' dir='ltr'>iuxta</span> <span class='ocrx_word' id='word_1_22' title='bbox 389 459 515 484; x_wconf 90' lang='lat' dir='ltr'>morem</span> <span class='ocrx_word' id='word_1_23' title='bbox 540 460 667 490; x_wconf 90' lang='lat' dir='ltr'>eorum,</span> <span class='ocrx_word' id='word_1_24' title='bbox 700 451 764 484; x_wconf 85' lang='lat' dir='ltr'>hoc</span> <span class='ocrx_word' id='word_1_25' title='bbox 789 451 1028 483; x_wconf 81' lang='lat' dir='ltr'><strong>celebrationis</strong></span> <span class='ocrx_word' id='word_1_26' title='bbox 1052 452 1084 483; x_wconf 91' lang='lat' dir='ltr'>et</span> <span class='ocrx_word' id='word_1_27' title='bbox 1109 451 1350 492; x_wconf 85' lang='lat' dir='ltr'>predicationis</span> <span class='ocrx_word' id='word_1_28' title='bbox 1386 451 1534 484; x_wconf 85' lang='lat' dir='ltr'>officium</span> <span class='ocrx_word' id='word_1_29' title='bbox 1571 454 1803 493; x_wconf 79' lang='lat' dir='ltr'>committetur,</span> <span class='ocrx_word' id='word_1_30' title='bbox 1836 455 1877 487; x_wconf 90' lang='lat' dir='ltr'>de</span> <span class='ocrx_word' id='word_1_31' title='bbox 1914 456 1999 496; x_wconf 88' lang='lat' dir='ltr'>ipsis</span> 
     </span>
     <span class='ocr_line' id='line_1_6' title="bbox 175 513 1999 557; baseline 0.002 -11"><span class='ocrx_word' id='word_1_32' title='bbox 175 513 280 546; x_wconf 89' lang='lat' dir='ltr'>misse</span> <span class='ocrx_word' id='word_1_33' title='bbox 304 513 530 546; x_wconf 88' lang='lat' dir='ltr'>celebratione</span> <span class='ocrx_word' id='word_1_34' title='bbox 543 522 583 546; x_wconf 89' lang='lat' dir='ltr'>ac</span> <span class='ocrx_word' id='word_1_35' title='bbox 597 513 827 554; x_wconf 91' lang='lat' dir='ltr'>predicatione</span> <span class='ocrx_word' id='word_1_36' title='bbox 856 513 1026 554; x_wconf 84' lang='lat' dir='ltr'>disponat,</span> <span class='ocrx_word' id='word_1_37' title='bbox 1044 515 1143 554; x_wconf 92' lang='lat' dir='ltr'>prout</span> <span class='ocrx_word' id='word_1_38' title='bbox 1161 513 1210 545; x_wconf 91' lang='lat' dir='ltr'>eis</span> <span class='ocrx_word' id='word_1_39' title='bbox 1228 514 1398 546; x_wconf 90' lang='lat' dir='ltr'>videbitur</span> <span class='ocrx_word' id='word_1_40' title='bbox 1425 514 1626 546; x_wconf 91' lang='lat' dir='ltr'>faciendum.</span> <span class='ocrx_word' id='word_1_41' title='bbox 1653 514 1737 548; x_wconf 81' lang='lat' dir='ltr'>Aliis</span> <span class='ocrx_word' id='word_1_42' title='bbox 1763 525 1842 548; x_wconf 89' lang='lat' dir='ltr'>vero</span> <span class='ocrx_word' id='word_1_43' title='bbox 1867 518 1999 557; x_wconf 91' lang='lat' dir='ltr'>diebus,</span> 
     </span>
     <span class='ocr_line' id='line_1_7' title="bbox 173 574 1999 617; baseline 0.003 -10"><span class='ocrx_word' id='word_1_44' title='bbox 173 576 242 608; x_wconf 82' lang='lat' dir='ltr'>tam</span> <span class='ocrx_word' id='word_1_45' title='bbox 266 574 454 607; x_wconf 87' lang='lat' dir='ltr'>Dominicis</span> <span class='ocrx_word' id='word_1_46' title='bbox 479 576 511 608; x_wconf 91' lang='lat' dir='ltr'>et</span> <span class='ocrx_word' id='word_1_47' title='bbox 527 574 671 614; x_wconf 85' lang='lat' dir='ltr'>festivis,</span> <span class='ocrx_word' id='word_1_48' title='bbox 696 584 797 616; x_wconf 89' lang='lat' dir='ltr'>quam</span> <span class='ocrx_word' id='word_1_49' title='bbox 822 575 922 607; x_wconf 89' lang='lat' dir='ltr'>etiam</span> <span class='ocrx_word' id='word_1_50' title='bbox 947 575 1132 614; x_wconf 89' lang='lat' dir='ltr'>ferialibus,</span> <span class='ocrx_word' id='word_1_51' title='bbox 1158 576 1440 617; x_wconf 85' lang='lat' dir='ltr'>quotiescumque</span> <span class='ocrx_word' id='word_1_52' title='bbox 1466 577 1643 617; x_wconf 85' lang='lat' dir='ltr'>predicari,</span> <span class='ocrx_word' id='word_1_53' title='bbox 1669 587 1730 610; x_wconf 91' lang='lat' dir='ltr'>nec</span> <span class='ocrx_word' id='word_1_54' title='bbox 1757 587 1822 610; x_wconf 95' lang='lat' dir='ltr'>non</span> <span class='ocrx_word' id='word_1_55' title='bbox 1849 579 1880 610; x_wconf 93' lang='lat' dir='ltr'>in</span> <span class='ocrx_word' id='word_1_56' title='bbox 1906 582 1999 612; x_wconf 89' lang='lat' dir='ltr'>ante-</span> 
     </span>
     <span class='ocr_line' id='line_1_8' title="bbox 177 636 1999 680; baseline 0.002 -10"><span class='ocrx_word' id='word_1_57' title='bbox 177 637 277 670; x_wconf 86' lang='lat' dir='ltr'>dictis</span> <span class='ocrx_word' id='word_1_58' title='bbox 300 636 542 670; x_wconf 82' lang='lat' dir='ltr'>festivitatibus</span> <span class='ocrx_word' id='word_1_59' title='bbox 566 637 639 669; x_wconf 90' lang='lat' dir='ltr'>sive</span> <span class='ocrx_word' id='word_1_60' title='bbox 664 637 787 669; x_wconf 92' lang='lat' dir='ltr'>diebus</span> <span class='ocrx_word' id='word_1_61' title='bbox 823 636 1096 676; x_wconf 88' lang='lat' dir='ltr'>solemnioribus,</span> <span class='ocrx_word' id='word_1_62' title='bbox 1140 639 1352 678; x_wconf 84' lang='lat' dir='ltr'>preterquam</span> <span class='ocrx_word' id='word_1_63' title='bbox 1389 638 1421 670; x_wconf 92' lang='lat' dir='ltr'>in</span> <span class='ocrx_word' id='word_1_64' title='bbox 1458 639 1688 679; x_wconf 87' lang='lat' dir='ltr'>predicatione</span> <span class='ocrx_word' id='word_1_65' title='bbox 1725 640 1928 680; x_wconf 87' lang='lat' dir='ltr'>solemniori,</span> <span class='ocrx_word' id='word_1_66' title='bbox 1965 645 1999 674; x_wconf 92' lang='lat' dir='ltr'>ut</span> 
     </span>
     <span class='ocr_line' id='line_1_9' title="bbox 175 698 2000 744; baseline 0.003 -13"><span class='ocrx_word' id='word_1_67' title='bbox 175 707 280 740; x_wconf 90' lang='lat' dir='ltr'>supra</span> <span class='ocrx_word' id='word_1_68' title='bbox 303 699 511 740; x_wconf 88' lang='lat' dir='ltr'>exprimitur,</span> <span class='ocrx_word' id='word_1_69' title='bbox 536 699 565 731; x_wconf 93' lang='lat' dir='ltr'>si</span> <span class='ocrx_word' id='word_1_70' title='bbox 591 699 623 730; x_wconf 94' lang='lat' dir='ltr'>in</span> <span class='ocrx_word' id='word_1_71' title='bbox 648 699 777 731; x_wconf 91' lang='lat' dir='ltr'>eisdem</span> <span class='ocrx_word' id='word_1_72' title='bbox 802 698 1054 737; x_wconf 80' lang='lat' dir='ltr'>festivitatibus,</span> <span class='ocrx_word' id='word_1_73' title='bbox 1080 707 1140 731; x_wconf 93' lang='lat' dir='ltr'>seu</span> <span class='ocrx_word' id='word_1_74' title='bbox 1159 699 1419 732; x_wconf 89' lang='lat' dir='ltr'>solemnioribus</span> <span class='ocrx_word' id='word_1_75' title='bbox 1437 700 1569 739; x_wconf 87' lang='lat' dir='ltr'>diebus,</span> <span class='ocrx_word' id='word_1_76' title='bbox 1587 701 1704 733; x_wconf 88' lang='lat' dir='ltr'>eadem</span> <span class='ocrx_word' id='word_1_77' title='bbox 1723 701 1835 734; x_wconf 87' lang='lat' dir='ltr'>forsan</span> <span class='ocrx_word' id='word_1_78' title='bbox 1854 703 1907 735; x_wconf 91' lang='lat' dir='ltr'>die</span> <span class='ocrx_word' id='word_1_79' title='bbox 1926 704 2000 744; x_wconf 91' lang='lat' dir='ltr'>plu-</span> 
     </span>
     <span class='ocr_line' id='line_1_10' title="bbox 176 761 1999 804; baseline 0.003 -10"><span class='ocrx_word' id='word_1_80' title='bbox 176 761 243 794; x_wconf 89' lang='lat' dir='ltr'>ries</span> <span class='ocrx_word' id='word_1_81' title='bbox 267 761 299 793; x_wconf 95' lang='lat' dir='ltr'>in</span> <span class='ocrx_word' id='word_1_82' title='bbox 324 761 444 793; x_wconf 93' lang='lat' dir='ltr'>eodem</span> <span class='ocrx_word' id='word_1_83' title='bbox 469 761 674 793; x_wconf 89' lang='lat' dir='ltr'>monasterio</span> <span class='ocrx_word' id='word_1_84' title='bbox 699 761 907 802; x_wconf 91' lang='lat' dir='ltr'>contingeret</span> <span class='ocrx_word' id='word_1_85' title='bbox 932 761 1109 802; x_wconf 89' lang='lat' dir='ltr'>predicari,</span> <span class='ocrx_word' id='word_1_86' title='bbox 1139 762 1388 802; x_wconf 88' lang='lat' dir='ltr'>predicationes</span> <span class='ocrx_word' id='word_1_87' title='bbox 1425 763 1617 795; x_wconf 90' lang='lat' dir='ltr'>huiusmodi</span> <span class='ocrx_word' id='word_1_88' title='bbox 1654 764 1733 796; x_wconf 90' lang='lat' dir='ltr'>dicti</span> <span class='ocrx_word' id='word_1_89' title='bbox 1771 764 1912 804; x_wconf 84' lang='lat' dir='ltr'>Fratres,</span> <span class='ocrx_word' id='word_1_90' title='bbox 1946 767 1999 799; x_wconf 90' lang='lat' dir='ltr'>vel</span> 
     </span>
     <span class='ocr_line' id='line_1_11' title="bbox 174 822 1998 869; baseline 0.003 -15"><span class='ocrx_word' id='word_1_91' title='bbox 174 822 230 855; x_wconf 92' lang='lat' dir='ltr'>ille</span> <span class='ocrx_word' id='word_1_92' title='bbox 254 823 308 855; x_wconf 93' lang='lat' dir='ltr'>cui</span> <span class='ocrx_word' id='word_1_93' title='bbox 333 822 397 855; x_wconf 89' lang='lat' dir='ltr'>hoc</span> <span class='ocrx_word' id='word_1_94' title='bbox 422 823 488 864; x_wconf 90' lang='lat' dir='ltr'>ipsi</span> <span class='ocrx_word' id='word_1_95' title='bbox 514 823 608 855; x_wconf 89' lang='lat' dir='ltr'>iuxta</span> <span class='ocrx_word' id='word_1_96' title='bbox 633 831 758 855; x_wconf 89' lang='lat' dir='ltr'>morem</span> <span class='ocrx_word' id='word_1_97' title='bbox 784 823 978 855; x_wconf 88' lang='lat' dir='ltr'>huiusmodi</span> <span class='ocrx_word' id='word_1_98' title='bbox 1004 823 1221 862; x_wconf 88' lang='lat' dir='ltr'>committent,</span> <span class='ocrx_word' id='word_1_99' title='bbox 1259 824 1461 856; x_wconf 88' lang='lat' dir='ltr'>distribuent</span> <span class='ocrx_word' id='word_1_100' title='bbox 1486 827 1517 857; x_wconf 89' lang='lat' dir='ltr'>et</span> <span class='ocrx_word' id='word_1_101' title='bbox 1542 825 1775 867; x_wconf 90' lang='lat' dir='ltr'>assignabunt,</span> <span class='ocrx_word' id='word_1_102' title='bbox 1801 828 1900 859; x_wconf 83' lang='lat' dir='ltr'>etiam</span> <span class='ocrx_word' id='word_1_103' title='bbox 1934 829 1998 869; x_wconf 92' lang='lat' dir='ltr'>ipsi</span> 
     </span>
     <span class='ocr_line' id='line_1_12' title="bbox 174 884 2000 930; baseline 0.003 -13"><span class='ocrx_word' id='word_1_104' title='bbox 174 884 310 924; x_wconf 87' lang='lat' dir='ltr'>Abbati,</span> <span class='ocrx_word' id='word_1_105' title='bbox 335 886 435 926; x_wconf 92' lang='lat' dir='ltr'>prout</span> <span class='ocrx_word' id='word_1_106' title='bbox 459 885 509 917; x_wconf 92' lang='lat' dir='ltr'>eis</span> <span class='ocrx_word' id='word_1_107' title='bbox 534 885 704 917; x_wconf 92' lang='lat' dir='ltr'>videbitur</span> <span class='ocrx_word' id='word_1_108' title='bbox 728 885 901 926; x_wconf 90' lang='lat' dir='ltr'>expedire.</span> <span class='ocrx_word' id='word_1_109' title='bbox 921 884 954 916; x_wconf 93' lang='lat' dir='ltr'>ln</span> <span class='ocrx_word' id='word_1_110' title='bbox 980 885 1133 917; x_wconf 90' lang='lat' dir='ltr'>sedendo</span> <span class='ocrx_word' id='word_1_111' title='bbox 1159 894 1239 917; x_wconf 92' lang='lat' dir='ltr'>vero</span> <span class='ocrx_word' id='word_1_112' title='bbox 1265 886 1296 917; x_wconf 84' lang='lat' dir='ltr'>in</span> <span class='ocrx_word' id='word_1_113' title='bbox 1322 887 1441 918; x_wconf 90' lang='lat' dir='ltr'>eadem</span> <span class='ocrx_word' id='word_1_114' title='bbox 1466 887 1612 920; x_wconf 89' lang='lat' dir='ltr'>ecclesia</span> <span class='ocrx_word' id='word_1_115' title='bbox 1637 889 1911 930; x_wconf 87' lang='lat' dir='ltr'>quibuscumque</span> <span class='ocrx_word' id='word_1_116' title='bbox 1929 891 2000 923; x_wconf 90' lang='lat' dir='ltr'>die-</span> 
     </span>
     <span class='ocr_line' id='line_1_13' title="bbox 174 946 1998 992; baseline 0.003 -13"><span class='ocrx_word' id='word_1_117' title='bbox 174 947 251 986; x_wconf 92' lang='lat' dir='ltr'>bus,</span> <span class='ocrx_word' id='word_1_118' title='bbox 276 947 350 989; x_wconf 89' lang='lat' dir='ltr'>ipse</span> <span class='ocrx_word' id='word_1_119' title='bbox 375 946 494 980; x_wconf 85' lang='lat' dir='ltr'>Abbas</span> <span class='ocrx_word' id='word_1_120' title='bbox 519 947 756 980; x_wconf 89' lang='lat' dir='ltr'>solemniorem</span> <span class='ocrx_word' id='word_1_121' title='bbox 782 947 893 979; x_wconf 89' lang='lat' dir='ltr'>locum</span> <span class='ocrx_word' id='word_1_122' title='bbox 918 949 1040 986; x_wconf 89' lang='lat' dir='ltr'>teneat,</span> <span class='ocrx_word' id='word_1_123' title='bbox 1067 948 1200 989; x_wconf 92' lang='lat' dir='ltr'>ipsique</span> <span class='ocrx_word' id='word_1_124' title='bbox 1226 946 1389 981; x_wconf 90' lang='lat' dir='ltr'>Canonici</span> <span class='ocrx_word' id='word_1_125' title='bbox 1417 949 1511 982; x_wconf 91' lang='lat' dir='ltr'>iuxta</span> <span class='ocrx_word' id='word_1_126' title='bbox 1547 959 1633 982; x_wconf 90' lang='lat' dir='ltr'>eum.</span> <span class='ocrx_word' id='word_1_127' title='bbox 1660 950 1693 982; x_wconf 91' lang='lat' dir='ltr'>ln</span> <span class='ocrx_word' id='word_1_128' title='bbox 1719 952 1998 992; x_wconf 86' lang='lat' dir='ltr'>processionibus</span> 
     </span>
     <span class='ocr_line' id='line_1_14' title="bbox 174 1008 2000 1052; baseline 0.003 -11"><span class='ocrx_word' id='word_1_129' title='bbox 174 1011 287 1042; x_wconf 87' lang='lat' dir='ltr'>autem</span> <span class='ocrx_word' id='word_1_130' title='bbox 311 1009 423 1042; x_wconf 91' lang='lat' dir='ltr'>dictus</span> <span class='ocrx_word' id='word_1_131' title='bbox 448 1008 566 1042; x_wconf 87' lang='lat' dir='ltr'>Abbas</span> <span class='ocrx_word' id='word_1_132' title='bbox 590 1009 633 1042; x_wconf 91' lang='lat' dir='ltr'>sit</span> <span class='ocrx_word' id='word_1_133' title='bbox 659 1009 806 1049; x_wconf 90' lang='lat' dir='ltr'>ultimus,</span> <span class='ocrx_word' id='word_1_134' title='bbox 831 1010 1012 1051; x_wconf 87' lang='lat' dir='ltr'>ipsumque</span> <span class='ocrx_word' id='word_1_135' title='bbox 1049 1010 1202 1051; x_wconf 90' lang='lat' dir='ltr'>proxime</span> <span class='ocrx_word' id='word_1_136' title='bbox 1239 1011 1422 1052; x_wconf 88' lang='lat' dir='ltr'>precedant</span> <span class='ocrx_word' id='word_1_137' title='bbox 1458 1011 1553 1043; x_wconf 83' lang='lat' dir='ltr'>Prior</span> <span class='ocrx_word' id='word_1_138' title='bbox 1592 1012 1781 1045; x_wconf 91' lang='lat' dir='ltr'>claustralis</span> <span class='ocrx_word' id='word_1_139' title='bbox 1821 1016 1852 1046; x_wconf 92' lang='lat' dir='ltr'>et</span> <span class='ocrx_word' id='word_1_140' title='bbox 1888 1013 2000 1047; x_wconf 91' lang='lat' dir='ltr'>Cano-</span> 
     </span>
     <span class='ocr_line' id='line_1_15' title="bbox 175 1071 2001 1116; baseline 0.003 -12"><span class='ocrx_word' id='word_1_141' title='bbox 175 1071 242 1104; x_wconf 91' lang='lat' dir='ltr'>nici</span> <span class='ocrx_word' id='word_1_142' title='bbox 267 1071 432 1112; x_wconf 88' lang='lat' dir='ltr'>prelibati,</span> <span class='ocrx_word' id='word_1_143' title='bbox 457 1071 602 1104; x_wconf 90' lang='lat' dir='ltr'>servatis</span> <span class='ocrx_word' id='word_1_144' title='bbox 626 1073 737 1104; x_wconf 88' lang='lat' dir='ltr'>tamen</span> <span class='ocrx_word' id='word_1_145' title='bbox 763 1080 823 1113; x_wconf 91' lang='lat' dir='ltr'>per</span> <span class='ocrx_word' id='word_1_146' title='bbox 847 1080 918 1111; x_wconf 91' lang='lat' dir='ltr'>eos,</span> <span class='ocrx_word' id='word_1_147' title='bbox 943 1072 1057 1113; x_wconf 91' lang='lat' dir='ltr'>quoad</span> <span class='ocrx_word' id='word_1_148' title='bbox 1082 1072 1180 1105; x_wconf 92' lang='lat' dir='ltr'>allios</span> <span class='ocrx_word' id='word_1_149' title='bbox 1206 1073 1297 1105; x_wconf 88' lang='lat' dir='ltr'>viros</span> <span class='ocrx_word' id='word_1_150' title='bbox 1322 1073 1586 1113; x_wconf 86' lang='lat' dir='ltr'>ecclesiasticos,</span> <span class='ocrx_word' id='word_1_151' title='bbox 1613 1074 1790 1116; x_wconf 89' lang='lat' dir='ltr'>religiosos</span> <span class='ocrx_word' id='word_1_152' title='bbox 1815 1078 1847 1108; x_wconf 89' lang='lat' dir='ltr'>et</span> <span class='ocrx_word' id='word_1_153' title='bbox 1869 1077 2001 1109; x_wconf 89' lang='lat' dir='ltr'>secula-</span> 
     </span>
     <span class='ocr_line' id='line_1_16' title="bbox 176 1133 1998 1179; baseline 0.003 -14"><span class='ocrx_word' id='word_1_154' title='bbox 176 1141 241 1172; x_wconf 91' lang='lat' dir='ltr'>res,</span> <span class='ocrx_word' id='word_1_155' title='bbox 281 1133 313 1165; x_wconf 95' lang='lat' dir='ltr'>in</span> <span class='ocrx_word' id='word_1_156' title='bbox 339 1133 539 1172; x_wconf 92' lang='lat' dir='ltr'>incedendo,</span> <span class='ocrx_word' id='word_1_157' title='bbox 565 1133 640 1166; x_wconf 89' lang='lat' dir='ltr'>loco</span> <span class='ocrx_word' id='word_1_158' title='bbox 664 1136 697 1166; x_wconf 89' lang='lat' dir='ltr'>et</span> <span class='ocrx_word' id='word_1_159' title='bbox 721 1133 838 1166; x_wconf 93' lang='lat' dir='ltr'>ordine</span> <span class='ocrx_word' id='word_1_160' title='bbox 867 1134 1031 1166; x_wconf 91' lang='lat' dir='ltr'>hactenus</span> <span class='ocrx_word' id='word_1_161' title='bbox 1056 1143 1116 1175; x_wconf 92' lang='lat' dir='ltr'>per</span> <span class='ocrx_word' id='word_1_162' title='bbox 1141 1135 1246 1176; x_wconf 91' lang='lat' dir='ltr'>ipsos,</span> <span class='ocrx_word' id='word_1_163' title='bbox 1273 1135 1304 1166; x_wconf 94' lang='lat' dir='ltr'>in</span> <span class='ocrx_word' id='word_1_164' title='bbox 1330 1136 1619 1176; x_wconf 88' lang='lat' dir='ltr'>processionibus,</span> <span class='ocrx_word' id='word_1_165' title='bbox 1656 1138 1843 1170; x_wconf 86' lang='lat' dir='ltr'>consuetis:</span> <span class='ocrx_word' id='word_1_166' title='bbox 1880 1138 1998 1179; x_wconf 87' lang='lat' dir='ltr'>prefati</span> 
     </span>
     <span class='ocr_line' id='line_1_17' title="bbox 175 1179 1997 1238; baseline 0.003 -11"><span class='ocrx_word' id='word_1_167' title='bbox 175 1196 287 1228; x_wconf 86' lang='lat' dir='ltr'>autem</span> <span class='ocrx_word' id='word_1_168' title='bbox 313 1194 445 1228; x_wconf 88' lang='lat' dir='ltr'>Fratres</span> <span class='ocrx_word' id='word_1_169' title='bbox 470 1195 503 1227; x_wconf 91' lang='lat' dir='ltr'>in</span> <span class='ocrx_word' id='word_1_170' title='bbox 529 1195 718 1228; x_wconf 93' lang='lat' dir='ltr'>incedendo</span> <span class='ocrx_word' id='word_1_171' title='bbox 743 1196 776 1227; x_wconf 92' lang='lat' dir='ltr'>in</span> <span class='ocrx_word' id='word_1_172' title='bbox 801 1196 1082 1237; x_wconf 89' lang='lat' dir='ltr'>processionibus</span> <span class='ocrx_word' id='word_1_173' title='bbox 1108 1197 1312 1236; x_wconf 88' lang='lat' dir='ltr'>huiusmodi,</span> <span class='ocrx_word' id='word_1_174' title='bbox 1338 1198 1511 1238; x_wconf 88' lang='lat' dir='ltr'>antiquum</span> <span class='ocrx_word' id='word_1_175' title='bbox 1538 1179 1647 1230; x_wconf 79' lang='lat' dir='ltr'>locum</span> <span class='ocrx_word' id='word_1_176' title='bbox 1666 1201 1698 1231; x_wconf 88' lang='lat' dir='ltr'>et</span> <span class='ocrx_word' id='word_1_177' title='bbox 1723 1200 1873 1232; x_wconf 90' lang='lat' dir='ltr'>ordinem</span> <span class='ocrx_word' id='word_1_178' title='bbox 1899 1210 1997 1233; x_wconf 91' lang='lat' dir='ltr'>suum</span> 
     </span>
     <span class='ocr_line' id='line_1_18' title="bbox 175 1256 2001 1300; baseline 0.002 -10"><span class='ocrx_word' id='word_1_179' title='bbox 175 1259 321 1290; x_wconf 89' lang='lat' dir='ltr'>servent.</span> <span class='ocrx_word' id='word_1_180' title='bbox 347 1256 398 1290; x_wconf 91' lang='lat' dir='ltr'>De</span> <span class='ocrx_word' id='word_1_181' title='bbox 423 1257 498 1290; x_wconf 90' lang='lat' dir='ltr'>aliis</span> <span class='ocrx_word' id='word_1_182' title='bbox 523 1258 663 1299; x_wconf 91' lang='lat' dir='ltr'>insuper</span> <span class='ocrx_word' id='word_1_183' title='bbox 686 1258 802 1291; x_wconf 92' lang='lat' dir='ltr'>missis</span> <span class='ocrx_word' id='word_1_184' title='bbox 826 1258 1110 1291; x_wconf 89' lang='lat' dir='ltr'>conventualibus</span> <span class='ocrx_word' id='word_1_185' title='bbox 1136 1259 1167 1291; x_wconf 94' lang='lat' dir='ltr'>in</span> <span class='ocrx_word' id='word_1_186' title='bbox 1193 1259 1283 1291; x_wconf 89' lang='lat' dir='ltr'>dicta</span> <span class='ocrx_word' id='word_1_187' title='bbox 1308 1259 1453 1292; x_wconf 89' lang='lat' dir='ltr'>ecclesia</span> <span class='ocrx_word' id='word_1_188' title='bbox 1478 1259 1701 1300; x_wconf 89' lang='lat' dir='ltr'>celebrandis,</span> <span class='ocrx_word' id='word_1_189' title='bbox 1730 1262 1838 1294; x_wconf 88' lang='lat' dir='ltr'>taliter</span> <span class='ocrx_word' id='word_1_190' title='bbox 1866 1263 2001 1295; x_wconf 91' lang='lat' dir='ltr'>ordina-</span> 
     </span>
     <span class='ocr_line' id='line_1_19' title="bbox 176 1319 1999 1364; baseline 0.003 -12"><span class='ocrx_word' id='word_1_191' title='bbox 176 1327 252 1352; x_wconf 90' lang='lat' dir='ltr'>mus</span> <span class='ocrx_word' id='word_1_192' title='bbox 276 1321 309 1352; x_wconf 93' lang='lat' dir='ltr'>et</span> <span class='ocrx_word' id='word_1_193' title='bbox 332 1319 490 1352; x_wconf 89' lang='lat' dir='ltr'>volumus</span> <span class='ocrx_word' id='word_1_194' title='bbox 515 1320 701 1360; x_wconf 89' lang='lat' dir='ltr'>observari,</span> <span class='ocrx_word' id='word_1_195' title='bbox 726 1321 818 1362; x_wconf 94' lang='lat' dir='ltr'>quod</span> <span class='ocrx_word' id='word_1_196' title='bbox 843 1320 962 1354; x_wconf 85' lang='lat' dir='ltr'>Abbas</span> <span class='ocrx_word' id='word_1_197' title='bbox 987 1323 1019 1354; x_wconf 93' lang='lat' dir='ltr'>et</span> <span class='ocrx_word' id='word_1_198' title='bbox 1043 1319 1207 1354; x_wconf 89' lang='lat' dir='ltr'>Canonici</span> <span class='ocrx_word' id='word_1_199' title='bbox 1233 1324 1264 1354; x_wconf 92' lang='lat' dir='ltr'>et</span> <span class='ocrx_word' id='word_1_200' title='bbox 1289 1322 1421 1355; x_wconf 84' lang='lat' dir='ltr'>Fratres</span> <span class='ocrx_word' id='word_1_201' title='bbox 1454 1323 1594 1364; x_wconf 88' lang='lat' dir='ltr'>predicti</span> <span class='ocrx_word' id='word_1_202' title='bbox 1632 1323 1794 1363; x_wconf 92' lang='lat' dir='ltr'>dividant,</span> <span class='ocrx_word' id='word_1_203' title='bbox 1824 1334 1883 1357; x_wconf 87' lang='lat' dir='ltr'>seu</span> <span class='ocrx_word' id='word_1_204' title='bbox 1913 1326 1999 1358; x_wconf 91' lang='lat' dir='ltr'>assi-</span> 
     </span>
     <span class='ocr_line' id='line_1_20' title="bbox 175 1382 2000 1429; baseline 0.003 -15"><span class='ocrx_word' id='word_1_205' title='bbox 175 1383 279 1424; x_wconf 90' lang='lat' dir='ltr'>gnent</span> <span class='ocrx_word' id='word_1_206' title='bbox 303 1382 389 1415; x_wconf 92' lang='lat' dir='ltr'>inter</span> <span class='ocrx_word' id='word_1_207' title='bbox 411 1391 500 1422; x_wconf 90' lang='lat' dir='ltr'>sese,</span> <span class='ocrx_word' id='word_1_208' title='bbox 514 1383 608 1416; x_wconf 89' lang='lat' dir='ltr'>iuxta</span> <span class='ocrx_word' id='word_1_209' title='bbox 633 1392 807 1416; x_wconf 90' lang='lat' dir='ltr'>numerum</span> <span class='ocrx_word' id='word_1_210' title='bbox 833 1392 1064 1424; x_wconf 90' lang='lat' dir='ltr'>personarum,</span> <span class='ocrx_word' id='word_1_211' title='bbox 1090 1384 1336 1424; x_wconf 89' lang='lat' dir='ltr'>sufficientiam,</span> <span class='ocrx_word' id='word_1_212' title='bbox 1362 1387 1394 1417; x_wconf 91' lang='lat' dir='ltr'>et</span> <span class='ocrx_word' id='word_1_213' title='bbox 1418 1386 1668 1426; x_wconf 91' lang='lat' dir='ltr'>expedientiam</span> <span class='ocrx_word' id='word_1_214' title='bbox 1694 1387 1892 1426; x_wconf 90' lang='lat' dir='ltr'>eorundem,</span> <span class='ocrx_word' id='word_1_215' title='bbox 1917 1397 2000 1429; x_wconf 85' lang='lat' dir='ltr'>qua-</span> 
     </span>
     <span class='ocr_line' id='line_1_21' title="bbox 176 1443 2000 1491; baseline 0.003 -15"><span class='ocrx_word' id='word_1_216' title='bbox 176 1443 250 1477; x_wconf 90' lang='lat' dir='ltr'>liter</span> <span class='ocrx_word' id='word_1_217' title='bbox 274 1444 406 1486; x_wconf 83' lang='lat' dir='ltr'>aliquas</span> <span class='ocrx_word' id='word_1_218' title='bbox 431 1443 560 1484; x_wconf 89' lang='lat' dir='ltr'>Abbas,</span> <span class='ocrx_word' id='word_1_219' title='bbox 586 1445 614 1478; x_wconf 91' lang='lat' dir='ltr'>si</span> <span class='ocrx_word' id='word_1_220' title='bbox 640 1445 683 1478; x_wconf 89' lang='lat' dir='ltr'>ad</span> <span class='ocrx_word' id='word_1_221' title='bbox 709 1446 772 1478; x_wconf 91' lang='lat' dir='ltr'>hoc</span> <span class='ocrx_word' id='word_1_222' title='bbox 798 1455 919 1479; x_wconf 88' lang='lat' dir='ltr'>vacare</span> <span class='ocrx_word' id='word_1_223' title='bbox 945 1446 1099 1486; x_wconf 90' lang='lat' dir='ltr'>voluerit,</span> <span class='ocrx_word' id='word_1_224' title='bbox 1117 1448 1149 1479; x_wconf 93' lang='lat' dir='ltr'>et</span> <span class='ocrx_word' id='word_1_225' title='bbox 1166 1447 1299 1488; x_wconf 90' lang='lat' dir='ltr'>aliquas</span> <span class='ocrx_word' id='word_1_226' title='bbox 1324 1446 1499 1487; x_wconf 91' lang='lat' dir='ltr'>Canonici,</span> <span class='ocrx_word' id='word_1_227' title='bbox 1517 1450 1548 1480; x_wconf 92' lang='lat' dir='ltr'>et</span> <span class='ocrx_word' id='word_1_228' title='bbox 1566 1448 1746 1481; x_wconf 91' lang='lat' dir='ltr'>nonnullas</span> <span class='ocrx_word' id='word_1_229' title='bbox 1771 1449 1902 1482; x_wconf 91' lang='lat' dir='ltr'>Fratres</span> <span class='ocrx_word' id='word_1_230' title='bbox 1925 1459 2000 1491; x_wconf 89' lang='lat' dir='ltr'>pre-</span> 
     </span>
     <span class='ocr_line' id='line_1_22' title="bbox 174 1506 2000 1552; baseline 0.003 -14"><span class='ocrx_word' id='word_1_231' title='bbox 174 1506 255 1539; x_wconf 90' lang='lat' dir='ltr'>dicti</span> <span class='ocrx_word' id='word_1_232' title='bbox 280 1507 404 1539; x_wconf 90' lang='lat' dir='ltr'>missas</span> <span class='ocrx_word' id='word_1_233' title='bbox 429 1507 610 1547; x_wconf 89' lang='lat' dir='ltr'>celebrent,</span> <span class='ocrx_word' id='word_1_234' title='bbox 635 1510 667 1540; x_wconf 92' lang='lat' dir='ltr'>et</span> <span class='ocrx_word' id='word_1_235' title='bbox 691 1507 757 1540; x_wconf 88' lang='lat' dir='ltr'>alia</span> <span class='ocrx_word' id='word_1_236' title='bbox 781 1508 905 1548; x_wconf 81' lang='lat' dir='ltr'>officia,</span> <span class='ocrx_word' id='word_1_237' title='bbox 929 1509 1002 1541; x_wconf 91' lang='lat' dir='ltr'>sive</span> <span class='ocrx_word' id='word_1_238' title='bbox 1028 1518 1088 1550; x_wconf 91' lang='lat' dir='ltr'>per</span> <span class='ocrx_word' id='word_1_239' title='bbox 1112 1509 1356 1549; x_wconf 88' lang='lat' dir='ltr'>hebdomadas,</span> <span class='ocrx_word' id='word_1_240' title='bbox 1382 1510 1455 1542; x_wconf 93' lang='lat' dir='ltr'>sive</span> <span class='ocrx_word' id='word_1_241' title='bbox 1481 1510 1624 1552; x_wconf 90' lang='lat' dir='ltr'>singulis</span> <span class='ocrx_word' id='word_1_242' title='bbox 1649 1511 1792 1550; x_wconf 88' lang='lat' dir='ltr'>diebus,</span> <span class='ocrx_word' id='word_1_243' title='bbox 1826 1512 1878 1544; x_wconf 91' lang='lat' dir='ltr'>vel</span> <span class='ocrx_word' id='word_1_244' title='bbox 1915 1512 2000 1545; x_wconf 90' lang='lat' dir='ltr'>alias</span> 
     </span>
     <span class='ocr_line' id='line_1_23' title="bbox 174 1569 2000 1613; baseline 0.003 -12"><span class='ocrx_word' id='word_1_245' title='bbox 174 1570 274 1610; x_wconf 91' lang='lat' dir='ltr'>prout</span> <span class='ocrx_word' id='word_1_246' title='bbox 313 1569 531 1610; x_wconf 89' lang='lat' dir='ltr'>expedientia</span> <span class='ocrx_word' id='word_1_247' title='bbox 566 1570 727 1612; x_wconf 88' lang='lat' dir='ltr'>exegerit,</span> <span class='ocrx_word' id='word_1_248' title='bbox 752 1572 784 1603; x_wconf 90' lang='lat' dir='ltr'>et</span> <span class='ocrx_word' id='word_1_249' title='bbox 808 1571 963 1604; x_wconf 90' lang='lat' dir='ltr'>decentia</span> <span class='ocrx_word' id='word_1_250' title='bbox 999 1572 1154 1611; x_wconf 88' lang='lat' dir='ltr'>suaserit,</span> <span class='ocrx_word' id='word_1_251' title='bbox 1190 1572 1385 1613; x_wconf 87' lang='lat' dir='ltr'>partiantur.</span> <span class='ocrx_word' id='word_1_252' title='bbox 1423 1572 1587 1606; x_wconf 91' lang='lat' dir='ltr'>Volumus</span> <span class='ocrx_word' id='word_1_253' title='bbox 1612 1575 1722 1606; x_wconf 89' lang='lat' dir='ltr'>tamen</span> <span class='ocrx_word' id='word_1_254' title='bbox 1748 1576 1783 1606; x_wconf 90' lang='lat' dir='ltr'>ut</span> <span class='ocrx_word' id='word_1_255' title='bbox 1807 1574 1932 1607; x_wconf 90' lang='lat' dir='ltr'>divisio</span> <span class='ocrx_word' id='word_1_256' title='bbox 1968 1577 2000 1607; x_wconf 89' lang='lat' dir='ltr'>et</span> 
     </span>
     <span class='ocr_line' id='line_1_24' title="bbox 174 1631 1997 1673; baseline 0.003 -10"><span class='ocrx_word' id='word_1_257' title='bbox 174 1631 309 1672; x_wconf 88' lang='lat' dir='ltr'>partitio</span> <span class='ocrx_word' id='word_1_258' title='bbox 334 1631 539 1671; x_wconf 91' lang='lat' dir='ltr'>huiusmodi,</span> <span class='ocrx_word' id='word_1_259' title='bbox 564 1634 597 1664; x_wconf 93' lang='lat' dir='ltr'>et</span> <span class='ocrx_word' id='word_1_260' title='bbox 621 1633 801 1665; x_wconf 90' lang='lat' dir='ltr'>missarum</span> <span class='ocrx_word' id='word_1_261' title='bbox 826 1633 1115 1673; x_wconf 87' lang='lat' dir='ltr'>celebrandarum,</span> <span class='ocrx_word' id='word_1_262' title='bbox 1141 1643 1180 1666; x_wconf 91' lang='lat' dir='ltr'>ac</span> <span class='ocrx_word' id='word_1_263' title='bbox 1206 1634 1309 1666; x_wconf 91' lang='lat' dir='ltr'>totius</span> <span class='ocrx_word' id='word_1_264' title='bbox 1349 1635 1454 1667; x_wconf 92' lang='lat' dir='ltr'>divini</span> <span class='ocrx_word' id='word_1_265' title='bbox 1491 1635 1593 1668; x_wconf 83' lang='lat' dir='ltr'>officii</span> <span class='ocrx_word' id='word_1_266' title='bbox 1630 1636 1739 1667; x_wconf 92' lang='lat' dir='ltr'>diurni</span> <span class='ocrx_word' id='word_1_267' title='bbox 1777 1638 1808 1668; x_wconf 92' lang='lat' dir='ltr'>et</span> <span class='ocrx_word' id='word_1_268' title='bbox 1834 1638 1997 1669; x_wconf 50' lang='lat' dir='ltr'>,nocturni</span> 
     </span>
     <span class='ocr_line' id='line_1_25' title="bbox 173 1692 1998 1737; baseline 0.004 -13"><span class='ocrx_word' id='word_1_269' title='bbox 173 1692 372 1734; x_wconf 85' lang='lat' dir='ltr'>assignatio,</span> <span class='ocrx_word' id='word_1_270' title='bbox 397 1693 592 1735; x_wconf 92' lang='lat' dir='ltr'>incipiendo</span> <span class='ocrx_word' id='word_1_271' title='bbox 616 1696 727 1727; x_wconf 89' lang='lat' dir='ltr'>tamen</span> <span class='ocrx_word' id='word_1_272' title='bbox 753 1695 861 1736; x_wconf 90' lang='lat' dir='ltr'>primo</span> <span class='ocrx_word' id='word_1_273' title='bbox 886 1695 919 1727; x_wconf 94' lang='lat' dir='ltr'>in</span> <span class='ocrx_word' id='word_1_274' title='bbox 944 1694 1088 1735; x_wconf 85' lang='lat' dir='ltr'>Abbate,</span> <span class='ocrx_word' id='word_1_275' title='bbox 1106 1696 1134 1728; x_wconf 93' lang='lat' dir='ltr'>si</span> <span class='ocrx_word' id='word_1_276' title='bbox 1154 1698 1188 1728; x_wconf 90' lang='lat' dir='ltr'>ut</span> <span class='ocrx_word' id='word_1_277' title='bbox 1205 1697 1437 1737; x_wconf 88' lang='lat' dir='ltr'>praemittitur,</span> <span class='ocrx_word' id='word_1_278' title='bbox 1463 1697 1505 1729; x_wconf 89' lang='lat' dir='ltr'>ad</span> <span class='ocrx_word' id='word_1_279' title='bbox 1532 1697 1564 1729; x_wconf 91' lang='lat' dir='ltr'>id</span> <span class='ocrx_word' id='word_1_280' title='bbox 1591 1707 1711 1730; x_wconf 89' lang='lat' dir='ltr'>vacare</span> <span class='ocrx_word' id='word_1_281' title='bbox 1738 1698 1890 1737; x_wconf 92' lang='lat' dir='ltr'>voluerit,</span> <span class='ocrx_word' id='word_1_282' title='bbox 1916 1701 1948 1731; x_wconf 90' lang='lat' dir='ltr'>et</span> <span class='ocrx_word' id='word_1_283' title='bbox 1966 1699 1998 1731; x_wconf 93' lang='lat' dir='ltr'>in</span> 
     </span>
     <span class='ocr_line' id='line_1_26' title="bbox 174 1752 2000 1806; baseline 0.003 -19"><span class='ocrx_word' id='word_1_284' title='bbox 174 1752 359 1788; x_wconf 87' lang='lat' dir='ltr'>Canonicis</span> <span class='ocrx_word' id='word_1_285' title='bbox 394 1755 580 1798; x_wconf 90' lang='lat' dir='ltr'>prelibatis,</span> <span class='ocrx_word' id='word_1_286' title='bbox 605 1756 728 1806; x_wconf 85' lang='lat' dir='ltr'>deinde</span> <span class='ocrx_word' id='word_1_287' title='bbox 753 1757 796 1789; x_wconf 89' lang='lat' dir='ltr'>ad</span> <span class='ocrx_word' id='word_1_288' title='bbox 821 1757 953 1790; x_wconf 89' lang='lat' dir='ltr'>Fratres</span> <span class='ocrx_word' id='word_1_289' title='bbox 978 1758 1209 1799; x_wconf 89' lang='lat' dir='ltr'>perveniendo</span> <span class='ocrx_word' id='word_1_290' title='bbox 1245 1758 1428 1799; x_wconf 91' lang='lat' dir='ltr'>predictos,</span> <span class='ocrx_word' id='word_1_291' title='bbox 1469 1768 1599 1791; x_wconf 92' lang='lat' dir='ltr'>necnon</span> <span class='ocrx_word' id='word_1_292' title='bbox 1636 1759 1783 1801; x_wconf 89' lang='lat' dir='ltr'>pulsatio</span> <span class='ocrx_word' id='word_1_293' title='bbox 1819 1769 2000 1802; x_wconf 88' lang='lat' dir='ltr'>campana-</span> 
     </span>
     <span class='ocr_line' id='line_1_27' title="bbox 175 1817 2001 1864; baseline 0.003 -15"><span class='ocrx_word' id='word_1_294' title='bbox 175 1825 247 1849; x_wconf 88' lang='lat' dir='ltr'>rum</span> <span class='ocrx_word' id='word_1_295' title='bbox 272 1817 315 1849; x_wconf 91' lang='lat' dir='ltr'>ad</span> <span class='ocrx_word' id='word_1_296' title='bbox 340 1817 456 1850; x_wconf 78' lang='lat' dir='ltr'>d1vina</span> <span class='ocrx_word' id='word_1_297' title='bbox 480 1817 593 1851; x_wconf 85' lang='lat' dir='ltr'>officia</span> <span class='ocrx_word' id='word_1_298' title='bbox 629 1819 783 1851; x_wconf 94' lang='lat' dir='ltr'>vivorum</span> <span class='ocrx_word' id='word_1_299' title='bbox 809 1821 841 1852; x_wconf 93' lang='lat' dir='ltr'>et</span> <span class='ocrx_word' id='word_1_300' title='bbox 865 1821 1083 1860; x_wconf 90' lang='lat' dir='ltr'>mortuorum,</span> <span class='ocrx_word' id='word_1_301' title='bbox 1108 1822 1141 1852; x_wconf 92' lang='lat' dir='ltr'>et</span> <span class='ocrx_word' id='word_1_302' title='bbox 1166 1821 1257 1853; x_wconf 88' lang='lat' dir='ltr'>horis</span> <span class='ocrx_word' id='word_1_303' title='bbox 1294 1821 1470 1853; x_wconf 90' lang='lat' dir='ltr'>canonicis</span> <span class='ocrx_word' id='word_1_304' title='bbox 1492 1821 1534 1854; x_wconf 93' lang='lat' dir='ltr'>ad</span> <span class='ocrx_word' id='word_1_305' title='bbox 1561 1822 1704 1854; x_wconf 91' lang='lat' dir='ltr'>eundem</span> <span class='ocrx_word' id='word_1_306' title='bbox 1739 1821 1887 1855; x_wconf 84' lang='lat' dir='ltr'>Priorem</span> <span class='ocrx_word' id='word_1_307' title='bbox 1924 1832 2001 1864; x_wconf 91' lang='lat' dir='ltr'>pre—</span> 
     </span>
     <span class='ocr_line' id='line_1_28' title="bbox 175 1879 1999 1927; baseline 0.003 -15"><span class='ocrx_word' id='word_1_308' title='bbox 175 1879 340 1912; x_wconf 88' lang='lat' dir='ltr'>dictorum</span> <span class='ocrx_word' id='word_1_309' title='bbox 366 1879 527 1920; x_wconf 91' lang='lat' dir='ltr'>Fratrum,</span> <span class='ocrx_word' id='word_1_310' title='bbox 553 1881 606 1914; x_wconf 93' lang='lat' dir='ltr'>vel</span> <span class='ocrx_word' id='word_1_311' title='bbox 631 1881 674 1913; x_wconf 92' lang='lat' dir='ltr'>ad</span> <span class='ocrx_word' id='word_1_312' title='bbox 700 1880 803 1921; x_wconf 90' lang='lat' dir='ltr'>illurn,</span> <span class='ocrx_word' id='word_1_313' title='bbox 828 1882 882 1914; x_wconf 93' lang='lat' dir='ltr'>cui</span> <span class='ocrx_word' id='word_1_314' title='bbox 908 1882 1102 1915; x_wconf 89' lang='lat' dir='ltr'>huiusmodi</span> <span class='ocrx_word' id='word_1_315' title='bbox 1128 1882 1276 1915; x_wconf 89' lang='lat' dir='ltr'>officium</span> <span class='ocrx_word' id='word_1_316' title='bbox 1302 1883 1492 1922; x_wconf 92' lang='lat' dir='ltr'>divisionis,</span> <span class='ocrx_word' id='word_1_317' title='bbox 1533 1884 1732 1925; x_wconf 90' lang='lat' dir='ltr'>partitionis,</span> <span class='ocrx_word' id='word_1_318' title='bbox 1758 1885 1999 1927; x_wconf 87' lang='lat' dir='ltr'>assignationis</span> 
     </span>
     <span class='ocr_line' id='line_1_29' title="bbox 176 1942 2001 1988; baseline 0.003 -14"><span class='ocrx_word' id='word_1_319' title='bbox 176 1942 209 1974; x_wconf 88' lang='lat' dir='ltr'>et</span> <span class='ocrx_word' id='word_1_320' title='bbox 232 1950 471 1983; x_wconf 86' lang='lat' dir='ltr'>campanarum</span> <span class='ocrx_word' id='word_1_321' title='bbox 495 1943 710 1984; x_wconf 90' lang='lat' dir='ltr'>pulsationis,</span> <span class='ocrx_word' id='word_1_322' title='bbox 735 1944 830 1976; x_wconf 89' lang='lat' dir='ltr'>iuxta</span> <span class='ocrx_word' id='word_1_323' title='bbox 854 1953 979 1977; x_wconf 90' lang='lat' dir='ltr'>morem</span> <span class='ocrx_word' id='word_1_324' title='bbox 1005 1945 1189 1977; x_wconf 92' lang='lat' dir='ltr'>eorundem</span> <span class='ocrx_word' id='word_1_325' title='bbox 1219 1944 1368 1978; x_wconf 89' lang='lat' dir='ltr'>Fratrum</span> <span class='ocrx_word' id='word_1_326' title='bbox 1397 1946 1615 1978; x_wconf 89' lang='lat' dir='ltr'>commissum</span> <span class='ocrx_word' id='word_1_327' title='bbox 1645 1946 1753 1985; x_wconf 87' lang='lat' dir='ltr'>fuerit,</span> <span class='ocrx_word' id='word_1_328' title='bbox 1779 1947 1901 1979; x_wconf 89' lang='lat' dir='ltr'>debeat</span> <span class='ocrx_word' id='word_1_329' title='bbox 1925 1956 2001 1988; x_wconf 88' lang='lat' dir='ltr'>per—</span> 
     </span>
     <span class='ocr_line' id='line_1_30' title="bbox 174 2003 1998 2048; baseline 0.003 -12"><span class='ocrx_word' id='word_1_330' title='bbox 174 2003 295 2036; x_wconf 91' lang='lat' dir='ltr'>tinere.</span> <span class='ocrx_word' id='word_1_331' title='bbox 321 2003 411 2037; x_wconf 86' lang='lat' dir='ltr'>Idem</span> <span class='ocrx_word' id='word_1_332' title='bbox 436 2014 573 2047; x_wconf 90' lang='lat' dir='ltr'>quoque</span> <span class='ocrx_word' id='word_1_333' title='bbox 599 2005 757 2039; x_wconf 92' lang='lat' dir='ltr'>volumus</span> <span class='ocrx_word' id='word_1_334' title='bbox 781 2007 967 2046; x_wconf 92' lang='lat' dir='ltr'>observari,</span> <span class='ocrx_word' id='word_1_335' title='bbox 993 2007 1021 2039; x_wconf 90' lang='lat' dir='ltr'>si</span> <span class='ocrx_word' id='word_1_336' title='bbox 1047 2007 1162 2048; x_wconf 91' lang='lat' dir='ltr'>plures</span> <span class='ocrx_word' id='word_1_337' title='bbox 1187 2008 1306 2040; x_wconf 88' lang='lat' dir='ltr'>eadem</span> <span class='ocrx_word' id='word_1_338' title='bbox 1331 2008 1385 2040; x_wconf 92' lang='lat' dir='ltr'>die</span> <span class='ocrx_word' id='word_1_339' title='bbox 1411 2008 1514 2040; x_wconf 89' lang='lat' dir='ltr'>misse</span> <span class='ocrx_word' id='word_1_340' title='bbox 1540 2009 1783 2041; x_wconf 90' lang='lat' dir='ltr'>conventuales</span> <span class='ocrx_word' id='word_1_341' title='bbox 1820 2009 1851 2041; x_wconf 93' lang='lat' dir='ltr'>in</span> <span class='ocrx_word' id='word_1_342' title='bbox 1881 2010 1998 2042; x_wconf 86' lang='lat' dir='ltr'>eadem</span> 
     </span>
     <span class='ocr_line' id='line_1_31' title="bbox 175 2065 1999 2112; baseline 0.002 -13"><span class='ocrx_word' id='word_1_343' title='bbox 175 2065 321 2099; x_wconf 90' lang='lat' dir='ltr'>ecclesia</span> <span class='ocrx_word' id='word_1_344' title='bbox 356 2066 577 2107; x_wconf 87' lang='lat' dir='ltr'>celebrentur,</span> <span class='ocrx_word' id='word_1_345' title='bbox 603 2070 638 2101; x_wconf 89' lang='lat' dir='ltr'>ut</span> <span class='ocrx_word' id='word_1_346' title='bbox 662 2070 743 2110; x_wconf 89' lang='lat' dir='ltr'>puta</span> <span class='ocrx_word' id='word_1_347' title='bbox 769 2078 835 2102; x_wconf 92' lang='lat' dir='ltr'>una</span> <span class='ocrx_word' id='word_1_348' title='bbox 859 2069 901 2101; x_wconf 93' lang='lat' dir='ltr'>de</span> <span class='ocrx_word' id='word_1_349' title='bbox 926 2069 991 2108; x_wconf 92' lang='lat' dir='ltr'>die,</span> <span class='ocrx_word' id='word_1_350' title='bbox 1017 2071 1049 2102; x_wconf 92' lang='lat' dir='ltr'>et</span> <span class='ocrx_word' id='word_1_351' title='bbox 1073 2069 1177 2102; x_wconf 91' lang='lat' dir='ltr'>altera</span> <span class='ocrx_word' id='word_1_352' title='bbox 1202 2070 1244 2102; x_wconf 91' lang='lat' dir='ltr'>de</span> <span class='ocrx_word' id='word_1_353' title='bbox 1269 2068 1303 2102; x_wconf 89' lang='lat' dir='ltr'>S.</span> <span class='ocrx_word' id='word_1_354' title='bbox 1328 2070 1438 2103; x_wconf 89' lang='lat' dir='ltr'>Maria</span> <span class='ocrx_word' id='word_1_355' title='bbox 1467 2070 1519 2102; x_wconf 93' lang='lat' dir='ltr'>vel</span> <span class='ocrx_word' id='word_1_356' title='bbox 1545 2070 1587 2103; x_wconf 91' lang='lat' dir='ltr'>de</span> <span class='ocrx_word' id='word_1_357' title='bbox 1613 2069 1737 2112; x_wconf 91' lang='lat' dir='ltr'>Spiritu</span> <span class='ocrx_word' id='word_1_358' title='bbox 1774 2069 1909 2110; x_wconf 87' lang='lat' dir='ltr'>Sancto,</span> <span class='ocrx_word' id='word_1_359' title='bbox 1946 2071 1999 2104; x_wconf 91' lang='lat' dir='ltr'>vel</span> 
     </span>
     <span class='ocr_line' id='line_1_32' title="bbox 177 2127 1999 2172; baseline 0.003 -12"><span class='ocrx_word' id='word_1_360' title='bbox 177 2127 210 2160; x_wconf 94' lang='lat' dir='ltr'>in</span> <span class='ocrx_word' id='word_1_361' title='bbox 234 2128 412 2169; x_wconf 88' lang='lat' dir='ltr'>similibus,</span> <span class='ocrx_word' id='word_1_362' title='bbox 437 2131 494 2162; x_wconf 90' lang='lat' dir='ltr'>aut</span> <span class='ocrx_word' id='word_1_363' title='bbox 518 2139 579 2171; x_wconf 91' lang='lat' dir='ltr'>pro</span> <span class='ocrx_word' id='word_1_364' title='bbox 604 2131 693 2163; x_wconf 92' lang='lat' dir='ltr'>vivis</span> <span class='ocrx_word' id='word_1_365' title='bbox 718 2130 771 2163; x_wconf 91' lang='lat' dir='ltr'>vel</span> <span class='ocrx_word' id='word_1_366' title='bbox 797 2131 976 2170; x_wconf 90' lang='lat' dir='ltr'>defunctis,</span> <span class='ocrx_word' id='word_1_367' title='bbox 1002 2134 1037 2164; x_wconf 92' lang='lat' dir='ltr'>ut</span> <span class='ocrx_word' id='word_1_368' title='bbox 1062 2132 1146 2164; x_wconf 93' lang='lat' dir='ltr'>inter</span> <span class='ocrx_word' id='word_1_369' title='bbox 1181 2132 1321 2164; x_wconf 89' lang='lat' dir='ltr'>eosdem</span> <span class='ocrx_word' id='word_1_370' title='bbox 1357 2131 1535 2171; x_wconf 87' lang='lat' dir='ltr'>Abbatem,</span> <span class='ocrx_word' id='word_1_371' title='bbox 1571 2131 1765 2165; x_wconf 89' lang='lat' dir='ltr'>Canonicos</span> <span class='ocrx_word' id='word_1_372' title='bbox 1801 2135 1832 2166; x_wconf 90' lang='lat' dir='ltr'>et</span> <span class='ocrx_word' id='word_1_373' title='bbox 1858 2133 1999 2172; x_wconf 88' lang='lat' dir='ltr'>Fratres,</span> 
     </span>
     <span class='ocr_line' id='line_1_33' title="bbox 176 2190 1999 2236; baseline 0.003 -13"><span class='ocrx_word' id='word_1_374' title='bbox 176 2190 264 2223; x_wconf 90' lang='lat' dir='ltr'>sicut</span> <span class='ocrx_word' id='word_1_375' title='bbox 298 2192 516 2234; x_wconf 89' lang='lat' dir='ltr'>pretangitur,</span> <span class='ocrx_word' id='word_1_376' title='bbox 552 2193 756 2232; x_wconf 87' lang='lat' dir='ltr'>dividantur,</span> <span class='ocrx_word' id='word_1_377' title='bbox 781 2195 814 2226; x_wconf 91' lang='lat' dir='ltr'>et</span> <span class='ocrx_word' id='word_1_378' title='bbox 838 2194 937 2226; x_wconf 89' lang='lat' dir='ltr'>etiam</span> <span class='ocrx_word' id='word_1_379' title='bbox 962 2194 1188 2236; x_wconf 87' lang='lat' dir='ltr'>assignentur.</span> <span class='ocrx_word' id='word_1_380' title='bbox 1214 2193 1398 2228; x_wconf 82' lang='lat' dir='ltr'>Reservata</span> <span class='ocrx_word' id='word_1_381' title='bbox 1434 2195 1534 2227; x_wconf 90' lang='lat' dir='ltr'>dictis</span> <span class='ocrx_word' id='word_1_382' title='bbox 1559 2194 1682 2227; x_wconf 88' lang='lat' dir='ltr'>Abbati</span> <span class='ocrx_word' id='word_1_383' title='bbox 1709 2197 1740 2227; x_wconf 91' lang='lat' dir='ltr'>et</span> <span class='ocrx_word' id='word_1_384' title='bbox 1765 2194 1870 2227; x_wconf 88' lang='lat' dir='ltr'>Priori</span> <span class='ocrx_word' id='word_1_385' title='bbox 1907 2196 1999 2228; x_wconf 88' lang='lat' dir='ltr'>clau-</span> 
     </span>
     <span class='ocr_line' id='line_1_34' title="bbox 175 2252 1999 2298; baseline 0.001 -12"><span class='ocrx_word' id='word_1_386' title='bbox 175 2252 279 2293; x_wconf 87' lang='lat' dir='ltr'>strali,</span> <span class='ocrx_word' id='word_1_387' title='bbox 303 2253 344 2293; x_wconf 90' lang='lat' dir='ltr'>si,</span> <span class='ocrx_word' id='word_1_388' title='bbox 369 2255 404 2286; x_wconf 88' lang='lat' dir='ltr'>ut</span> <span class='ocrx_word' id='word_1_389' title='bbox 428 2262 531 2296; x_wconf 90' lang='lat' dir='ltr'>supra</span> <span class='ocrx_word' id='word_1_390' title='bbox 556 2255 687 2294; x_wconf 92' lang='lat' dir='ltr'>dicitur,</span> <span class='ocrx_word' id='word_1_391' title='bbox 713 2256 756 2288; x_wconf 91' lang='lat' dir='ltr'>sit</span> <span class='ocrx_word' id='word_1_392' title='bbox 781 2255 918 2295; x_wconf 89' lang='lat' dir='ltr'>ibidem,</span> <span class='ocrx_word' id='word_1_393' title='bbox 943 2256 1158 2298; x_wconf 87' lang='lat' dir='ltr'>prerogativa</span> <span class='ocrx_word' id='word_1_394' title='bbox 1183 2257 1215 2288; x_wconf 92' lang='lat' dir='ltr'>in</span> <span class='ocrx_word' id='word_1_395' title='bbox 1241 2256 1467 2289; x_wconf 89' lang='lat' dir='ltr'>celebratione</span> <span class='ocrx_word' id='word_1_396' title='bbox 1492 2257 1706 2289; x_wconf 89' lang='lat' dir='ltr'>solemnioris</span> <span class='ocrx_word' id='word_1_397' title='bbox 1724 2257 1837 2296; x_wconf 90' lang='lat' dir='ltr'>misse,</span> <span class='ocrx_word' id='word_1_398' title='bbox 1856 2258 1887 2289; x_wconf 93' lang='lat' dir='ltr'>in</span> <span class='ocrx_word' id='word_1_399' title='bbox 1905 2257 1999 2290; x_wconf 87' lang='lat' dir='ltr'>festi-</span> 
     </span>
     <span class='ocr_line' id='line_1_35' title="bbox 176 2314 1997 2360; baseline 0.002 -12"><span class='ocrx_word' id='word_1_400' title='bbox 176 2314 348 2355; x_wconf 85' lang='lat' dir='ltr'>vitatibus,</span> <span class='ocrx_word' id='word_1_401' title='bbox 372 2317 446 2349; x_wconf 90' lang='lat' dir='ltr'>sive</span> <span class='ocrx_word' id='word_1_402' title='bbox 471 2316 594 2350; x_wconf 90' lang='lat' dir='ltr'>diebus</span> <span class='ocrx_word' id='word_1_403' title='bbox 629 2317 892 2350; x_wconf 91' lang='lat' dir='ltr'>solemnioribus</span> <span class='ocrx_word' id='word_1_404' title='bbox 928 2318 1144 2359; x_wconf 89' lang='lat' dir='ltr'>supradictis,</span> <span class='ocrx_word' id='word_1_405' title='bbox 1182 2319 1467 2360; x_wconf 88' lang='lat' dir='ltr'>quemadmodum</span> <span class='ocrx_word' id='word_1_406' title='bbox 1504 2319 1661 2360; x_wconf 90' lang='lat' dir='ltr'>superius</span> <span class='ocrx_word' id='word_1_407' title='bbox 1698 2321 1749 2351; x_wconf 90' lang='lat' dir='ltr'>est</span> <span class='ocrx_word' id='word_1_408' title='bbox 1784 2328 1997 2360; x_wconf 89' lang='lat' dir='ltr'>expressum.</span> 
     </span>
     <span class='ocr_line' id='line_1_36' title="bbox 176 2375 1998 2422; baseline 0.002 -13"><span class='ocrx_word' id='word_1_409' title='bbox 176 2375 400 2411; x_wconf 89' lang='lat' dir='ltr'>Prohibemus</span> <span class='ocrx_word' id='word_1_410' title='bbox 423 2380 535 2411; x_wconf 90' lang='lat' dir='ltr'>autem</span> <span class='ocrx_word' id='word_1_411' title='bbox 560 2388 601 2412; x_wconf 92' lang='lat' dir='ltr'>ne</span> <span class='ocrx_word' id='word_1_412' title='bbox 626 2379 706 2412; x_wconf 92' lang='lat' dir='ltr'>dicti</span> <span class='ocrx_word' id='word_1_413' title='bbox 733 2379 864 2413; x_wconf 88' lang='lat' dir='ltr'>Fratres</span> <span class='ocrx_word' id='word_1_414' title='bbox 889 2380 931 2412; x_wconf 90' lang='lat' dir='ltr'>de</span> <span class='ocrx_word' id='word_1_415' title='bbox 955 2380 1136 2413; x_wconf 91' lang='lat' dir='ltr'>audiendis</span> <span class='ocrx_word' id='word_1_416' title='bbox 1160 2380 1435 2413; x_wconf 93' lang='lat' dir='ltr'>confessionibus</span> <span class='ocrx_word' id='word_1_417' title='bbox 1460 2381 1740 2422; x_wconf 87' lang='lat' dir='ltr'>parochianorum</span> <span class='ocrx_word' id='word_1_418' title='bbox 1766 2381 1917 2413; x_wconf 91' lang='lat' dir='ltr'>eiusdem</span> <span class='ocrx_word' id='word_1_419' title='bbox 1943 2390 1998 2414; x_wconf 89' lang='lat' dir='ltr'>ec-</span> 
     </span>
     <span class='ocr_line' id='line_1_37' title="bbox 174 2437 1998 2484; baseline 0.002 -12"><span class='ocrx_word' id='word_1_420' title='bbox 174 2437 279 2472; x_wconf 88' lang='lat' dir='ltr'>clesie</span> <span class='ocrx_word' id='word_1_421' title='bbox 303 2439 383 2472; x_wconf 89' lang='lat' dir='ltr'>dicti</span> <span class='ocrx_word' id='word_1_422' title='bbox 408 2441 612 2480; x_wconf 89' lang='lat' dir='ltr'>monasterii,</span> <span class='ocrx_word' id='word_1_423' title='bbox 645 2443 678 2474; x_wconf 90' lang='lat' dir='ltr'>et</span> <span class='ocrx_word' id='word_1_424' title='bbox 706 2442 747 2474; x_wconf 93' lang='lat' dir='ltr'>de</span> <span class='ocrx_word' id='word_1_425' title='bbox 773 2442 993 2474; x_wconf 88' lang='lat' dir='ltr'>sacramentis</span> <span class='ocrx_word' id='word_1_426' title='bbox 1030 2442 1273 2475; x_wconf 86' lang='lat' dir='ltr'>ecclesiasticis</span> <span class='ocrx_word' id='word_1_427' title='bbox 1299 2443 1528 2475; x_wconf 89' lang='lat' dir='ltr'>ministrandis</span> <span class='ocrx_word' id='word_1_428' title='bbox 1557 2443 1696 2481; x_wconf 88' lang='lat' dir='ltr'>eisdem,</span> <span class='ocrx_word' id='word_1_429' title='bbox 1721 2451 1757 2475; x_wconf 89' lang='lat' dir='ltr'>se</span> <span class='ocrx_word' id='word_1_430' title='bbox 1785 2443 1998 2484; x_wconf 89' lang='lat' dir='ltr'>aliquatenus</span> 
     </span>
     <span class='ocr_line' id='line_1_38' title="bbox 176 2499 1998 2546; baseline 0.003 -13"><span class='ocrx_word' id='word_1_431' title='bbox 176 2499 404 2542; x_wconf 88' lang='lat' dir='ltr'>intromittant,</span> <span class='ocrx_word' id='word_1_432' title='bbox 429 2503 493 2536; x_wconf 94' lang='lat' dir='ltr'>nisi</span> <span class='ocrx_word' id='word_1_433' title='bbox 518 2503 612 2536; x_wconf 89' lang='lat' dir='ltr'>iuxta</span> <span class='ocrx_word' id='word_1_434' title='bbox 636 2503 777 2536; x_wconf 92' lang='lat' dir='ltr'>formam</span> <span class='ocrx_word' id='word_1_435' title='bbox 802 2504 1053 2537; x_wconf 90' lang='lat' dir='ltr'>constitutionis</span> <span class='ocrx_word' id='word_1_436' title='bbox 1077 2504 1131 2537; x_wconf 92' lang='lat' dir='ltr'>fel.</span> <span class='ocrx_word' id='word_1_437' title='bbox 1159 2505 1286 2538; x_wconf 90' lang='lat' dir='ltr'>record.</span> <span class='ocrx_word' id='word_1_438' title='bbox 1313 2504 1476 2537; x_wconf 74' lang='lat' dir='ltr'>Bonifacii</span> <span class='ocrx_word' id='word_1_439' title='bbox 1502 2504 1594 2546; x_wconf 90' lang='lat' dir='ltr'>Pape</span> <span class='ocrx_word' id='word_1_440' title='bbox 1608 2505 1718 2537; x_wconf 88' lang='lat' dir='ltr'>octavi</span> <span class='ocrx_word' id='word_1_441' title='bbox 1744 2505 1998 2545; x_wconf 90' lang='lat' dir='ltr'>predecessoris</span> 
     </span>
     <span class='ocr_line' id='line_1_39' title="bbox 177 2564 1998 2608; baseline 0.002 -13"><span class='ocrx_word' id='word_1_442' title='bbox 177 2564 281 2596; x_wconf 90' lang='lat' dir='ltr'>nostri</span> <span class='ocrx_word' id='word_1_443' title='bbox 316 2573 420 2606; x_wconf 90' lang='lat' dir='ltr'>super</span> <span class='ocrx_word' id='word_1_444' title='bbox 455 2565 518 2598; x_wconf 89' lang='lat' dir='ltr'>hoc</span> <span class='ocrx_word' id='word_1_445' title='bbox 543 2568 575 2598; x_wconf 88' lang='lat' dir='ltr'>et</span> <span class='ocrx_word' id='word_1_446' title='bbox 600 2567 701 2599; x_wconf 92' lang='lat' dir='ltr'>certis</span> <span class='ocrx_word' id='word_1_447' title='bbox 736 2566 812 2599; x_wconf 89' lang='lat' dir='ltr'>aliis</span> <span class='ocrx_word' id='word_1_448' title='bbox 836 2566 986 2599; x_wconf 90' lang='lat' dir='ltr'>articulis</span> <span class='ocrx_word' id='word_1_449' title='bbox 1011 2567 1110 2606; x_wconf 89' lang='lat' dir='ltr'>edite,</span> <span class='ocrx_word' id='word_1_450' title='bbox 1135 2576 1174 2600; x_wconf 92' lang='lat' dir='ltr'>ac</span> <span class='ocrx_word' id='word_1_451' title='bbox 1200 2576 1260 2608; x_wconf 89' lang='lat' dir='ltr'>per</span> <span class='ocrx_word' id='word_1_452' title='bbox 1284 2567 1338 2608; x_wconf 91' lang='lat' dir='ltr'>pie</span> <span class='ocrx_word' id='word_1_453' title='bbox 1365 2567 1522 2599; x_wconf 92' lang='lat' dir='ltr'>memorie</span> <span class='ocrx_word' id='word_1_454' title='bbox 1563 2564 1769 2599; x_wconf 91' lang='lat' dir='ltr'>Clementem</span> <span class='ocrx_word' id='word_1_455' title='bbox 1806 2566 1933 2608; x_wconf 85' lang='lat' dir='ltr'>Papam</span> <span class='ocrx_word' id='word_1_456' title='bbox 1970 2567 1998 2599; x_wconf 93' lang='lat' dir='ltr'>V</span> 
     </span>
     <span class='ocr_line' id='line_1_40' title="bbox 177 2625 1997 2670; baseline 0.002 -12"><span class='ocrx_word' id='word_1_457' title='bbox 177 2625 454 2667; x_wconf 85' lang='lat' dir='ltr'>predecessorem</span> <span class='ocrx_word' id='word_1_458' title='bbox 489 2630 640 2660; x_wconf 91' lang='lat' dir='ltr'>nostrum</span> <span class='ocrx_word' id='word_1_459' title='bbox 678 2629 846 2668; x_wconf 88' lang='lat' dir='ltr'>innovate;</span> <span class='ocrx_word' id='word_1_460' title='bbox 883 2638 1014 2661; x_wconf 92' lang='lat' dir='ltr'>necnon</span> <span class='ocrx_word' id='word_1_461' title='bbox 1055 2630 1243 2662; x_wconf 90' lang='lat' dir='ltr'>secundum</span> <span class='ocrx_word' id='word_1_462' title='bbox 1280 2630 1552 2662; x_wconf 89' lang='lat' dir='ltr'>constitutionem</span> <span class='ocrx_word' id='word_1_463' title='bbox 1578 2638 1596 2661; x_wconf 91' lang='lat' dir='ltr'>a</span> <span class='ocrx_word' id='word_1_464' title='bbox 1636 2627 1809 2661; x_wconf 89' lang='lat' dir='ltr'>Clemente</span> <span class='ocrx_word' id='word_1_465' title='bbox 1846 2630 1997 2670; x_wconf 90' lang='lat' dir='ltr'>predicto</span> 
     </span>
     <span class='ocr_line' id='line_1_41' title="bbox 177 2687 1998 2732; baseline 0.003 -13"><span class='ocrx_word' id='word_1_466' title='bbox 177 2687 300 2720; x_wconf 90' lang='lat' dir='ltr'>editam</span> <span class='ocrx_word' id='word_1_467' title='bbox 325 2697 366 2721; x_wconf 94' lang='lat' dir='ltr'>ne</span> <span class='ocrx_word' id='word_1_468' title='bbox 391 2689 538 2732; x_wconf 87' lang='lat' dir='ltr'>religiosi</span> <span class='ocrx_word' id='word_1_469' title='bbox 568 2692 658 2723; x_wconf 87' lang='lat' dir='ltr'>certa</span> <span class='ocrx_word' id='word_1_470' title='bbox 698 2693 908 2723; x_wconf 89' lang='lat' dir='ltr'>sacramenta</span> <span class='ocrx_word' id='word_1_471' title='bbox 944 2691 1177 2724; x_wconf 88' lang='lat' dir='ltr'>ecclesiastica</span> <span class='ocrx_word' id='word_1_472' title='bbox 1212 2691 1345 2724; x_wconf 87' lang='lat' dir='ltr'>clericis</span> <span class='ocrx_word' id='word_1_473' title='bbox 1381 2693 1413 2723; x_wconf 91' lang='lat' dir='ltr'>et</span> <span class='ocrx_word' id='word_1_474' title='bbox 1449 2691 1544 2723; x_wconf 90' lang='lat' dir='ltr'>laicis</span> <span class='ocrx_word' id='word_1_475' title='bbox 1580 2691 1766 2723; x_wconf 90' lang='lat' dir='ltr'>ministrare</span> <span class='ocrx_word' id='word_1_476' title='bbox 1803 2694 1998 2732; x_wconf 90' lang='lat' dir='ltr'>presumant</span> 
     </span>
     <span class='ocr_line' id='line_1_42' title="bbox 178 2749 1997 2795; baseline 0.002 -13"><span class='ocrx_word' id='word_1_477' title='bbox 178 2749 251 2782; x_wconf 88' lang='lat' dir='ltr'>sine</span> <span class='ocrx_word' id='word_1_478' title='bbox 286 2752 491 2792; x_wconf 88' lang='lat' dir='ltr'>parochialis</span> <span class='ocrx_word' id='word_1_479' title='bbox 516 2753 694 2794; x_wconf 89' lang='lat' dir='ltr'>presbiteri</span> <span class='ocrx_word' id='word_1_480' title='bbox 721 2753 855 2786; x_wconf 89' lang='lat' dir='ltr'>licentia</span> <span class='ocrx_word' id='word_1_481' title='bbox 880 2753 1033 2794; x_wconf 90' lang='lat' dir='ltr'>speciali,</span> <span class='ocrx_word' id='word_1_482' title='bbox 1058 2755 1115 2786; x_wconf 91' lang='lat' dir='ltr'>aut</span> <span class='ocrx_word' id='word_1_483' title='bbox 1140 2754 1413 2795; x_wconf 92' lang='lat' dir='ltr'>pretermissione</span> <span class='ocrx_word' id='word_1_484' title='bbox 1440 2753 1558 2785; x_wconf 91' lang='lat' dir='ltr'>iurium</span> <span class='ocrx_word' id='word_1_485' title='bbox 1584 2753 1735 2792; x_wconf 90' lang='lat' dir='ltr'>aliorum;</span> <span class='ocrx_word' id='word_1_486' title='bbox 1761 2754 1822 2786; x_wconf 91' lang='lat' dir='ltr'>sed</span> <span class='ocrx_word' id='word_1_487' title='bbox 1848 2754 1997 2795; x_wconf 92' lang='lat' dir='ltr'>ipsorum</span> 
     </span>
     <span class='ocr_line' id='line_1_43' title="bbox 178 2813 1998 2856; baseline 0.002 -12"><span class='ocrx_word' id='word_1_488' title='bbox 178 2813 458 2853; x_wconf 89' lang='lat' dir='ltr'>parochianorum</span> <span class='ocrx_word' id='word_1_489' title='bbox 483 2814 719 2847; x_wconf 88' lang='lat' dir='ltr'>confessiones</span> <span class='ocrx_word' id='word_1_490' title='bbox 743 2815 882 2847; x_wconf 90' lang='lat' dir='ltr'>audiant</span> <span class='ocrx_word' id='word_1_491' title='bbox 906 2817 939 2848; x_wconf 91' lang='lat' dir='ltr'>et</span> <span class='ocrx_word' id='word_1_492' title='bbox 963 2815 1013 2848; x_wconf 89' lang='lat' dir='ltr'>eis</span> <span class='ocrx_word' id='word_1_493' title='bbox 1038 2817 1248 2848; x_wconf 90' lang='lat' dir='ltr'>sacramenta</span> <span class='ocrx_word' id='word_1_494' title='bbox 1288 2815 1439 2856; x_wconf 87' lang='lat' dir='ltr'>predicta</span> <span class='ocrx_word' id='word_1_495' title='bbox 1472 2815 1659 2847; x_wconf 88' lang='lat' dir='ltr'>ministrent</span> <span class='ocrx_word' id='word_1_496' title='bbox 1694 2815 1774 2847; x_wconf 91' lang='lat' dir='ltr'>dicti</span> <span class='ocrx_word' id='word_1_497' title='bbox 1811 2814 1929 2848; x_wconf 84' lang='lat' dir='ltr'>Abbas</span> <span class='ocrx_word' id='word_1_498' title='bbox 1965 2818 1998 2848; x_wconf 89' lang='lat' dir='ltr'>et</span> 
     </span>
     <span class='ocr_line' id='line_1_44' title="bbox 178 2870 2000 2918; baseline 0.002 -12"><span class='ocrx_word' id='word_1_499' title='bbox 178 2870 351 2914; x_wconf 90' lang='lat' dir='ltr'>Canonici,</span> <span class='ocrx_word' id='word_1_500' title='bbox 370 2875 423 2908; x_wconf 92' lang='lat' dir='ltr'>vel</span> <span class='ocrx_word' id='word_1_501' title='bbox 441 2876 496 2909; x_wconf 88' lang='lat' dir='ltr'>alii</span> <span class='ocrx_word' id='word_1_502' title='bbox 511 2877 543 2909; x_wconf 90' lang='lat' dir='ltr'>in</span> <span class='ocrx_word' id='word_1_503' title='bbox 561 2877 653 2909; x_wconf 93' lang='lat' dir='ltr'>dicto</span> <span class='ocrx_word' id='word_1_504' title='bbox 670 2877 885 2916; x_wconf 89' lang='lat' dir='ltr'>monasterio,</span> <span class='ocrx_word' id='word_1_505' title='bbox 904 2876 956 2909; x_wconf 91' lang='lat' dir='ltr'>vel</span> <span class='ocrx_word' id='word_1_506' title='bbox 975 2877 1066 2916; x_wconf 92' lang='lat' dir='ltr'>alibi,</span> <span class='ocrx_word' id='word_1_507' title='bbox 1091 2877 1216 2918; x_wconf 90' lang='lat' dir='ltr'>quibus</span> <span class='ocrx_word' id='word_1_508' title='bbox 1242 2877 1303 2909; x_wconf 90' lang='lat' dir='ltr'>hec</span> <span class='ocrx_word' id='word_1_509' title='bbox 1329 2878 1427 2909; x_wconf 89' lang='lat' dir='ltr'>antea</span> <span class='ocrx_word' id='word_1_510' title='bbox 1444 2877 1692 2918; x_wconf 87' lang='lat' dir='ltr'>competebant,</span> <span class='ocrx_word' id='word_1_511' title='bbox 1710 2879 1810 2918; x_wconf 91' lang='lat' dir='ltr'>prout</span> <span class='ocrx_word' id='word_1_512' title='bbox 1827 2877 1908 2909; x_wconf 90' lang='lat' dir='ltr'>iuris</span> <span class='ocrx_word' id='word_1_513' title='bbox 1925 2878 2000 2909; x_wconf 78' lang='lat' dir='ltr'>exi-</span> 
     </span>
     <span class='ocr_line' id='line_1_45' title="bbox 178 2935 1996 2980; baseline 0.002 -12"><span class='ocrx_word' id='word_1_514' title='bbox 178 2935 245 2975; x_wconf 81' lang='lat' dir='ltr'>stit,</span> <span class='ocrx_word' id='word_1_515' title='bbox 269 2938 301 2969; x_wconf 92' lang='lat' dir='ltr'>et</span> <span class='ocrx_word' id='word_1_516' title='bbox 324 2941 575 2971; x_wconf 91' lang='lat' dir='ltr'>consueverunt</span> <span class='ocrx_word' id='word_1_517' title='bbox 599 2939 810 2980; x_wconf 91' lang='lat' dir='ltr'>temporibus</span> <span class='ocrx_word' id='word_1_518' title='bbox 835 2939 1009 2972; x_wconf 90' lang='lat' dir='ltr'>anteactis.</span> <span class='ocrx_word' id='word_1_519' title='bbox 1036 2938 1086 2971; x_wconf 94' lang='lat' dir='ltr'>De</span> <span class='ocrx_word' id='word_1_520' title='bbox 1111 2938 1296 2980; x_wconf 90' lang='lat' dir='ltr'>sepulturis</span> <span class='ocrx_word' id='word_1_521' title='bbox 1321 2947 1401 2970; x_wconf 91' lang='lat' dir='ltr'>vero</span> <span class='ocrx_word' id='word_1_522' title='bbox 1426 2937 1672 2978; x_wconf 88' lang='lat' dir='ltr'>defunctorum,</span> <span class='ocrx_word' id='word_1_523' title='bbox 1702 2939 1759 2980; x_wconf 92' lang='lat' dir='ltr'>qui</span> <span class='ocrx_word' id='word_1_524' title='bbox 1789 2939 1996 2980; x_wconf 89' lang='lat' dir='ltr'>sepelientur</span> 
     </span>
     <span class='ocr_line' id='line_1_46' title="bbox 178 2998 1999 3042; baseline 0.002 -12"><span class='ocrx_word' id='word_1_525' title='bbox 178 2998 269 3039; x_wconf 87' lang='lat' dir='ltr'>apud</span> <span class='ocrx_word' id='word_1_526' title='bbox 294 3000 533 3032; x_wconf 90' lang='lat' dir='ltr'>monasterium</span> <span class='ocrx_word' id='word_1_527' title='bbox 557 3001 774 3040; x_wconf 87' lang='lat' dir='ltr'>antedictum,</span> <span class='ocrx_word' id='word_1_528' title='bbox 799 3003 831 3033; x_wconf 93' lang='lat' dir='ltr'>et</span> <span class='ocrx_word' id='word_1_529' title='bbox 856 3001 898 3033; x_wconf 91' lang='lat' dir='ltr'>de</span> <span class='ocrx_word' id='word_1_530' title='bbox 923 3000 1143 3039; x_wconf 90' lang='lat' dir='ltr'>funeralibus,</span> <span class='ocrx_word' id='word_1_531' title='bbox 1169 3009 1234 3041; x_wconf 90' lang='lat' dir='ltr'>que</span> <span class='ocrx_word' id='word_1_532' title='bbox 1260 3000 1387 3032; x_wconf 88' lang='lat' dir='ltr'>ratione</span> <span class='ocrx_word' id='word_1_533' title='bbox 1412 3009 1591 3042; x_wconf 91' lang='lat' dir='ltr'>corporum</span> <span class='ocrx_word' id='word_1_534' title='bbox 1619 3000 1852 3033; x_wconf 86' lang='lat' dir='ltr'>defunctorum</span> <span class='ocrx_word' id='word_1_535' title='bbox 1893 3001 1999 3033; x_wconf 91' lang='lat' dir='ltr'>obve-</span> 
     </span>
     <span class='ocr_line' id='line_1_47' title="bbox 179 3059 1996 3105; baseline 0.002 -14"><span class='ocrx_word' id='word_1_536' title='bbox 179 3059 280 3100; x_wconf 84' lang='lat' dir='ltr'>nient,</span> <span class='ocrx_word' id='word_1_537' title='bbox 304 3069 347 3094; x_wconf 88' lang='lat' dir='ltr'>ex</span> <span class='ocrx_word' id='word_1_538' title='bbox 372 3062 473 3095; x_wconf 87' lang='lat' dir='ltr'>certis</span> <span class='ocrx_word' id='word_1_539' title='bbox 497 3063 612 3095; x_wconf 90' lang='lat' dir='ltr'>causis</span> <span class='ocrx_word' id='word_1_540' title='bbox 637 3063 805 3105; x_wconf 86' lang='lat' dir='ltr'>legitimis,</span> <span class='ocrx_word' id='word_1_541' title='bbox 824 3063 908 3095; x_wconf 90' lang='lat' dir='ltr'>inter</span> <span class='ocrx_word' id='word_1_542' title='bbox 924 3063 1063 3095; x_wconf 90' lang='lat' dir='ltr'>eosdem</span> <span class='ocrx_word' id='word_1_543' title='bbox 1081 3061 1259 3101; x_wconf 87' lang='lat' dir='ltr'>Abbatem,</span> <span class='ocrx_word' id='word_1_544' title='bbox 1277 3060 1472 3095; x_wconf 90' lang='lat' dir='ltr'>Canonicos</span> <span class='ocrx_word' id='word_1_545' title='bbox 1489 3064 1521 3095; x_wconf 91' lang='lat' dir='ltr'>et</span> <span class='ocrx_word' id='word_1_546' title='bbox 1538 3062 1670 3095; x_wconf 91' lang='lat' dir='ltr'>Fratres</span> <span class='ocrx_word' id='word_1_547' title='bbox 1688 3072 1754 3095; x_wconf 90' lang='lat' dir='ltr'>non</span> <span class='ocrx_word' id='word_1_548' title='bbox 1772 3063 1996 3104; x_wconf 89' lang='lat' dir='ltr'>disponimus,</span> 
     </span>
     <span class='ocr_line' id='line_1_48' title="bbox 179 3122 1996 3166; baseline 0.001 -12"><span class='ocrx_word' id='word_1_549' title='bbox 179 3129 242 3154; x_wconf 91' lang='lat' dir='ltr'>nec</span> <span class='ocrx_word' id='word_1_550' title='bbox 265 3122 364 3156; x_wconf 90' lang='lat' dir='ltr'>etiam</span> <span class='ocrx_word' id='word_1_551' title='bbox 389 3124 596 3164; x_wconf 89' lang='lat' dir='ltr'>ordinamus,</span> <span class='ocrx_word' id='word_1_552' title='bbox 620 3125 681 3158; x_wconf 92' lang='lat' dir='ltr'>sed</span> <span class='ocrx_word' id='word_1_553' title='bbox 707 3124 838 3157; x_wconf 89' lang='lat' dir='ltr'>illorum</span> <span class='ocrx_word' id='word_1_554' title='bbox 864 3125 1122 3166; x_wconf 92' lang='lat' dir='ltr'>dispositionem</span> <span class='ocrx_word' id='word_1_555' title='bbox 1147 3125 1179 3156; x_wconf 91' lang='lat' dir='ltr'>et</span> <span class='ocrx_word' id='word_1_556' title='bbox 1203 3123 1448 3157; x_wconf 91' lang='lat' dir='ltr'>ordinationem</span> <span class='ocrx_word' id='word_1_557' title='bbox 1485 3125 1585 3157; x_wconf 92' lang='lat' dir='ltr'>nobis</span> <span class='ocrx_word' id='word_1_558' title='bbox 1624 3126 1656 3157; x_wconf 93' lang='lat' dir='ltr'>et</span> <span class='ocrx_word' id='word_1_559' title='bbox 1684 3123 1763 3158; x_wconf 91' lang='lat' dir='ltr'>Sedi</span> <span class='ocrx_word' id='word_1_560' title='bbox 1801 3123 1996 3166; x_wconf 81' lang='lat' dir='ltr'>Apostolice</span> 
     </span>
    </p>
   </div>
  </div>
 </body>
</html>
