2496 3600
1959 253 2002 285 55

183 391 224 425 tri
247 388 454 428 Guarducio,
479 387 653 429 recipienti
678 389 711 420 et
735 386 909 428 stipulanti
935 386 1069 418 nomine
1094 386 1174 419 dicti
1199 384 1339 418 Ordinis
1364 384 1619 423 Heremitarum,
1645 384 1813 417 licentiam
1839 387 1871 417 et
1888 387 2005 417 aucto-

183 453 313 486 ritatem
337 450 565 484 omnimodam
590 449 756 482 dederunt
780 450 814 482 et
839 450 1094 488 concesserunt,
1127 447 1317 481 traddendo
1341 456 1385 480 ex
1411 455 1499 479 nunc
1532 446 1641 479 eidem
1677 446 1768 479 fratri
1806 445 2004 480 Guarducio

185 514 319 548 nomine
343 513 423 546 dicti
448 511 598 552 Ordinis,
623 512 808 544 dominium
834 513 866 544 et
891 511 1148 553 possessionem
1174 511 1216 543 de
1241 510 1393 552 predicta
1418 509 1531 542 domo,
1557 509 1606 541 Eo
1631 509 1733 541 modo
1769 509 1849 542 dicti
1886 509 2005 541 vendi-

183 578 274 610 tores
297 575 448 608 fecerunt
487 575 678 616 presentem
715 573 955 612 venditionem,
992 573 1085 614 quod
1111 573 1152 605 de
1178 574 1291 606 cetero
1326 572 1439 605 dictus
1474 571 1576 604 frater
1610 570 1829 604 Guarducius
1868 571 2003 603 nomine

185 639 264 672 dicti
289 636 428 671 Ordinis
452 638 485 670 et
509 645 628 669 omnes
652 638 684 669 et
708 635 832 678 singuli
859 635 991 668 Fratres
1016 636 1125 677 ipsius
1150 634 1290 668 Ordinis
1330 634 1574 668 Heremitarum
1611 635 1643 666 et
1679 633 1805 676 quibus
1841 633 2006 672 dederint,

185 700 342 739 habeant,
366 700 512 738 teneant,
537 698 708 740 gaudeant
731 698 884 740 predicta
908 697 1046 730 vendita
1070 707 1146 730 cum
1171 697 1442 736 accessionibus,
1467 696 1691 739 ingressibus,
1725 696 1939 738 regressibus
1975 697 2007 728 et

185 762 343 796 omnibus
367 762 439 794 suis
463 761 594 794 iuribus
618 762 650 794 et
674 761 903 802 pertinenciis,
928 762 990 793 etc.
1016 762 1049 793 et
1073 760 1114 792 de
1141 760 1226 802 ipsis
1250 759 1375 792 faciant
1399 759 1566 801 quidquid
1603 759 1780 798 voluerint,
1817 759 1890 791 sine
1927 767 2010 791 con-

90 810 94 818 ¹
136 835 138 837 ·
185 824 383 858 tradictione
408 823 575 856 dictorum
601 823 815 855 venditorum
840 824 872 855 et
896 832 973 855 curn
999 823 1172 865 eorum-et
1196 821 1378 854 cuiuslibet
1403 822 1565 863 ipsorum,
1591 821 1721 854 scilicet
1746 831 1807 863 pro
1833 821 1913 853 ratis
1950 829 2009 853 su-

186 887 301 930 perius
325 886 505 925 denotatis,
530 885 730 918 defensione
755 886 799 918 ab
823 885 914 918 omni
940 893 1098 926 persona,
1124 885 1355 924 universitate,
1381 893 1457 917 cum
1483 884 1629 917 racione.
1655 884 1696 917 Et
1713 884 1758 916 ita
1782 884 1863 917 dicti
1888 883 2008 916 vendi—

185 949 277 983 tores
301 948 410 981 eidem
434 947 525 981 fratri
550 946 748 981 Ouarducio
764 948 947 991 vrecipienti
972 949 1004 980 et
1029 947 1203 989 stipulanti
1229 947 1363 979 nomine
1388 947 1468 979 dicti
1494 945 1633 979 Ordinis
1659 946 1903 979 Heremitarum
1927 955 2011 979 con-

186 1012 350 1045 venerunt
373 1010 546 1045 attendere
571 1011 604 1043 et
627 1010 821 1043 observare.
847 1009 888 1042 Et
911 1010 940 1043 si
965 1010 1010 1042 ita
1035 1019 1101 1042 non
1127 1009 1328 1042 attenderint
1353 1011 1385 1042 et
1409 1009 1667 1042 observaverint
1691 1010 1723 1042 et
1747 1010 1927 1051 propterea
1951 1010 2009 1041 aut

186 1082 248 1115 pro
271 1073 434 1114 predictis
458 1074 491 1105 et
515 1072 660 1115 singulis
684 1072 843 1111 venditis,
867 1072 1024 1104 tradditis
1048 1073 1080 1104 et
1105 1072 1214 1104 cessis
1239 1071 1464 1104 defendendis
1490 1071 1522 1103 in
1548 1079 1653 1104 causa
1688 1071 1868 1104 evictionis
1892 1073 1925 1103 et
1949 1080 2009 1103 cu-

187 1135 308 1177 iusque
333 1134 579 1177 imbrigamenti
605 1135 756 1176 ipsorum
782 1134 835 1167 vel
861 1134 1006 1167 alicuius
1029 1134 1135 1175 partis
1160 1142 1288 1173 eorum,
1313 1133 1355 1166 de
1381 1133 1451 1166 iure
1476 1133 1530 1166 vel
1549 1142 1651 1172 more,
1665 1134 1850 1175 dampnum
1868 1133 2007 1175 aliquod

187 1198 220 1231 et
243 1197 408 1230 interesse
432 1196 542 1229 eidem
567 1196 658 1229 fratri
683 1195 881 1229 Guarducio
906 1196 997 1228 dicto
1022 1196 1156 1228 nomine
1182 1195 1235 1228 vel
1261 1195 1327 1237 ipsi
1352 1193 1471 1228 Ordini
1497 1195 1658 1228 acciderit
1675 1195 1728 1228 vel
1747 1204 1920 1237 expensas
1948 1195 2010 1227 ali-

188 1267 275 1301 quas
299 1258 414 1300 aliquo
438 1258 541 1291 modo
564 1258 705 1291 fecerint
729 1258 762 1290 in
787 1258 913 1290 iudicio
938 1257 992 1290 vel
1017 1259 1113 1290 extra
1138 1266 1199 1299 pro
1224 1257 1387 1299 predictis
1412 1258 1444 1289 et
1471 1257 1616 1299 singulis
1640 1257 1877 1297 defendendis,
1901 1259 2008 1290 totum

189 1320 271 1359 illud
296 1320 482 1362 dampnum
506 1322 539 1353 et
563 1320 727 1353 interesse
752 1322 784 1352 et
809 1320 904 1362 ipsas
928 1328 1103 1361 expensas
1139 1328 1205 1352 una
1237 1328 1313 1352 cum
1349 1319 1465 1361 precio
1501 1319 1735 1361 suprascripto
1759 1321 1816 1352 aut
1841 1329 1880 1352 ea
1916 1321 2011 1361 parte

189 1383 300 1426 ipsius
323 1382 428 1424 precii
463 1391 526 1424 pro
550 1391 618 1424 qua
641 1382 795 1424 predicta
819 1382 967 1421 vendita,
991 1381 1138 1415 traddita
1163 1383 1195 1414 et
1219 1390 1319 1415 cessa
1358 1383 1437 1414 sunt
1472 1382 1594 1421 evicta,
1629 1382 1711 1415 dicti
1747 1382 1942 1415 venditores
1978 1384 2010 1415 et

191 1444 334 1487 quilibet
357 1444 509 1486 ipsorum
533 1453 595 1486 pro
619 1446 691 1477 rata
715 1444 874 1486 superius
898 1444 1068 1484 denotata,
1093 1444 1203 1477 eidem
1227 1444 1319 1477 fratri
1345 1442 1564 1477 Guarduccio
1581 1445 1755 1486 recipienti
1780 1446 1813 1477 et
1837 1444 2011 1486 stipulanti

193 1507 328 1540 nomine
352 1508 385 1539 et
409 1506 484 1540 vice
508 1506 589 1539 dicti
614 1505 754 1539 Ordinis
790 1505 1046 1546 Heremitarum,
1081 1506 1215 1539 solvere
1240 1508 1272 1540 et
1297 1506 1479 1541 restituere.
1509 1506 1755 1548 promisserunt
1791 1506 1824 1539 in
1861 1507 2010 1539 denariis

192 1569 375 1602 numeratis
400 1569 433 1601 in
457 1569 641 1602 continenti
666 1570 746 1610 post
769 1578 871 1611 quam
896 1578 1002 1602 causa
1025 1569 1205 1602 evictionis
1230 1569 1272 1602 de
1298 1569 1368 1602 iure
1393 1569 1564 1609 acciderit,
1582 1578 1658 1602 curn
1677 1570 1841 1611 expensis
1855 1570 2014 1602 omnibus

191 1633 224 1665 et
247 1630 392 1674 singulis
416 1640 482 1673 que
505 1631 624 1664 fierent
647 1631 750 1664 modo
774 1631 889 1673 aliquo
913 1640 975 1673 pro
999 1631 1162 1673 predictis
1179 1633 1212 1664 et
1229 1631 1373 1674 singulis
1401 1632 1559 1673 petendis
1573 1633 1605 1664 et
1622 1632 1812 1673 exigendis.
1831 1630 2014 1665 Credendo

192 1693 306 1736 agenti
342 1693 477 1726 nomine
510 1693 591 1727 dicti
627 1692 767 1727 Ordinis
791 1694 825 1726 in
850 1702 965 1726 eorum
1002 1693 1094 1726 dicto
1129 1694 1202 1726 sine
1238 1695 1451 1727 sacramento
1485 1693 1643 1727 faciendo
1668 1694 1710 1727 de
1735 1694 1899 1736 expensis
1934 1694 2014 1727 inde

190 1755 290 1790 factis
314 1757 414 1798 prout
438 1755 539 1788 dictis
563 1755 798 1789 venditoribus
822 1756 955 1789 dixerit.
981 1755 1022 1789 Et
1045 1765 1107 1798 pro
1121 1756 1283 1798 predictis
1297 1756 1456 1789 omnibus
1470 1757 1502 1789 et
1519 1756 1664 1798 singulis
1680 1756 1818 1789 firmiter
1839 1757 2016 1790 attenden—

80 1814 101 1845 ¹„
142 1856 145 1859 f
194 1818 249 1851 dis
273 1819 306 1851 et
330 1818 557 1851 observandis
581 1818 882 1851 dicti·venditores
907 1828 969 1860 pro
994 1819 1075 1852 ratis
1099 1819 1259 1860 superius
1283 1818 1453 1851 denotatis
1477 1818 1587 1852 eidem
1613 1818 1704 1851 fratri
1730 1817 1937 1859 Guarducio‚
1963 1828 2015 1852 re-

191 1880 328 1922 cipienti
353 1881 386 1913 et
410 1879 584 1922 stipulanti
609 1881 744 1914 nomine
769 1881 849 1914 dicti
874 1879 1014 1914 Ordinis
1034 1880 1294 1921 ‘Heremitarum,
1319 1881 1432 1914 omnia
1456 1890 1571 1914 eorum
1598 1881 1687 1914 bona
1711 1881 1844 1923 pignori
1884 1881 2016 1923 obliga-

192 1944 323 1976 verunt.
347 1941 423 1981 Que
449 1942 538 1976 bona
562 1942 712 1985 obligata
736 1943 816 1976 dicti
842 1943 1037 1976 venditores
1062 1945 1094 1976 et
1118 1943 1261 1985 quilibet
1296 1943 1447 1985 ipsorum
1477 1953 1539 1985 pro
1564 1945 1658 1985 parte
1694 1944 1760 1976 sibi
1796 1944 2013 1986 contingente

190 2005 437 2038 constituerunt
461 2013 498 2038 se
523 2013 567 2038 ex
592 2014 680 2038 nunc
705 2007 830 2045 tenere,
855 2006 1033 2048 possidere
1058 2008 1090 2039 et
1108 2006 1217 2048 quasi,
1247 2006 1401 2047 precario
1436 2006 1572 2039 nomine
1595 2005 1708 2039 fratris
1721 2004 1907 2039 Ouarducii
1922 2006 2015 2039 dicto

191 2067 327 2114 nornine
351 2069 385 2100 et
408 2067 518 2109 ipsius
542 2066 692 2101 Ordinis.
718 2067 767 2101 Eo
792 2068 895 2101 modo
919 2068 1012 2110 quod
1037 2068 1065 2101 si
1091 2068 1201 2101 eidem
1225 2068 1316 2101 fratri
1342 2066 1540 2101 Guarducio
1580 2068 1671 2101 dieto
1707 2069 1843 2101 nomine
1879 2070 1911 2101 et
1947 2069 2012 2110 ipsi

193 2127 312 2163 Ordini
338 2129 380 2163 de
405 2129 568 2172 predictis
592 2130 752 2163 omnibus
776 2132 809 2164 et
833 2130 977 2173 singulis
1002 2140 1069 2163 non
1093 2130 1193 2163 fuerit
1217 2131 1345 2173 integre
1378 2130 1608 2171 satisfactum,
1644 2133 1677 2164 et
1712 2131 1866 2173 predicta
1901 2132 2014 2164 omnia

193 2192 227 2225 et
250 2191 386 2234 singula
409 2201 476 2224 non
500 2191 623 2225 fuerint
647 2192 830 2226 observata
853 2193 887 2225 in
912 2193 1071 2226 omnibus
1095 2195 1128 2226 et
1152 2201 1214 2235 per
1244 2193 1367 2233 omnia,
1404 2195 1504 2235 prout
1539 2194 1699 2235 superius
1723 2195 1802 2226 sunt
1834 2194 2014 2235 promissa,

193 2252 293 2287 liceat
316 2255 396 2287 tunc
420 2254 531 2287 eidem
555 2253 646 2287 fratri
672 2253 869 2288 Guarducio
894 2255 1029 2288 nomine
1054 2256 1134 2288 dicti
1160 2254 1300 2289 Ordinis
1325 2255 1570 2288 Heremitarum
1595 2256 1732 2298 propria
1749 2256 1947 2289 auctoritate
1966 2256 2016 2288 in-

193 2316 281 2348 trare
304 2317 455 2349 tenutam
479 2317 512 2349 et
536 2316 746 2358 corporalem
771 2317 1028 2359 possessionem
1054 2318 1220 2350 dictorum
1246 2318 1412 2350 bonorum
1437 2319 1470 2351 et
1494 2327 1638 2360 quorum
1663 2327 1706 2351 ex
1732 2318 1818 2360 ipsis
1842 2318 1951 2360 magis
1981 2327 2016 2351 e-

194 2377 297 2420 ligere
322 2377 489 2411 voluerint
513 2380 546 2411 et
569 2378 751 2412 cuiuslibet
776 2379 927 2421 ipsorum
952 2389 1013 2422 pro
1038 2380 1119 2413 ratis
1143 2380 1316 2422 predictis.
1343 2379 1383 2413 Et
1407 2380 1483 2422 ipsa
1508 2380 1597 2413 bona
1621 2380 1808 2420 vendendi,
1833 2380 2015 2420 alienandi,

194 2439 268 2473 sive
293 2440 326 2472 in
351 2448 389 2473 se
414 2440 590 2480 retinendi,
615 2442 648 2474 et
671 2441 839 2483 quidquid
864 2441 1032 2475 voluerint
1055 2442 1213 2482 faciendi,
1238 2451 1348 2484 usque
1372 2442 1416 2475 ad
1441 2443 1605 2485 integram
1630 2442 1833 2475 solutionem
1859 2445 1892 2475 et
1915 2443 2017 2475 satis-

195 2501 362 2535 facionem
387 2502 616 2544 predictorum
641 2503 790 2536 omnium
815 2505 848 2537 et
872 2504 1094 2546 singulorum,
1119 2514 1162 2537 ex
1187 2514 1276 2538 nunc
1302 2505 1381 2538 dicti
1408 2505 1603 2538 venditores
1628 2507 1660 2537 et
1685 2505 1827 2547 quilibet
1863 2505 2014 2546 ipsorum

194 2564 304 2597 eidem
328 2564 420 2597 fratri
445 2563 642 2598 Guarducio
667 2566 841 2607 recipienti
866 2568 899 2599 et
923 2567 1097 2608 stipulanti
1122 2568 1258 2600 nomine
1283 2567 1363 2600 dicti
1389 2566 1528 2600 Ordinis
1557 2567 1812 2607 Heremitarum,
1845 2567 2013 2600 licentiam

195 2627 229 2660 et
252 2627 485 2660 auctoritatem
510 2627 739 2660 omnimodam
765 2628 931 2662 dederunt
954 2631 987 2662 et
1011 2631 1264 2662 concesserunt.
1290 2629 1432 2671 Insuper
1456 2629 1593 2662 domlna
1611 2629 1763 2662 Henlena
1780 2629 1848 2662 filia
1865 2630 2014 2671 quodam

197 2687 342 2731 Roglerii
367 2688 549 2729 Bovatarii,
574 2698 662 2723 uxor
684 2690 765 2723 dicti
789 2690 918 2731 Zanini,
942 2692 975 2724 et
999 2691 1136 2724 domina
1161 2690 1264 2725 Stella
1289 2701 1376 2724 uxor
1399 2692 1479 2724 dicti
1506 2691 1669 2731 Fulconii,
1694 2693 1726 2724 et
1742 2692 1811 2725 filia
1842 2693 2015 2734 quondam

196 2747 367 2784 Guillelmi
406 2750 569 2792 Barberii‚
593 2761 659 2794 que
684 2752 820 2786 domine
846 2753 878 2785 in
903 2754 1081 2795 presencia
1105 2754 1185 2786 dicti
1211 2752 1374 2787 Consulis
1399 2754 1444 2786 ibi
1469 2753 1610 2786 adhibiti
1635 2755 1668 2786 et
1693 2754 1804 2787 vocati
1830 2754 1906 2787 loco
1938 2764 2016 2796 pro—

197 2812 400 2854 pinquorum
425 2815 600 2855 parentum
626 2814 825 2847 absencium
850 2815 1001 2857 ipsarum
1026 2815 1248 2856 dominarum,
1274 2816 1431 2849 confesse
1456 2815 1590 2848 fuerunt
1615 2824 1692 2848 sese
1717 2815 1791 2858 lege
1816 2817 1931 2850 vivere
1950 2816 2016 2851 Ro-

196 2883 296 2908 mana
318 2876 351 2908 et
375 2875 500 2908 nullam
525 2876 594 2918 pati
621 2876 815 2909 violentiam
841 2877 884 2910 ab
909 2877 1083 2919 aliquibus
1124 2878 1281 2919 personis
1306 2887 1368 2910 nec
1393 2878 1493 2910 etiarn
1519 2877 1563 2910 ab
1588 2878 1674 2919 ipsis
1710 2878 1793 2911 viris
1829 2879 1912 2918 suis,
1952 2879 2013 2912 sed

199 2935 411 2979 infrascripta
434 2938 547 2971 omnia
571 2940 603 2971 et
627 2939 761 2981 singula
785 2938 896 2972 facere
921 2948 1035 2972 earum
1075 2941 1212 2981 propria
1237 2942 1268 2972 et
1293 2941 1482 2981 spontanea
1518 2939 1700 2980 voluntate,
1726 2943 1903 2982 presentes
1939 2951 2015 2983 pre-

199 2999 284 3032 senti
309 3000 495 3032 venditioni
520 3002 552 3033 et
576 3001 741 3034 bonorum
767 3001 965 3044 obligationi
991 3004 1023 3035 et
1047 3003 1206 3035 omnibus
1241 3004 1273 3035 et
1306 3001 1450 3044 singulis
1489 3002 1661 3044 predictis,
1701 3003 1882 3036 certificate
1919 3005 2013 3045 prius

197 3068 258 3102 per
281 3070 333 3094 me
358 3062 524 3095 notarium
549 3062 799 3106 infrascriptum
825 3064 969 3106 qualiter
992 3064 1145 3106 predicta
1169 3064 1292 3097 domus
1316 3065 1349 3097 et
1373 3064 1486 3097 omnia
1499 3064 1564 3097 alia
1578 3065 1668 3098 bona
1682 3065 1848 3098 dictorum
1863 3067 2011 3099 virorum

198 3130 335 3156 suorum
360 3126 453 3157 erant
477 3125 563 3166 ipsis
587 3125 792 3159 dominabus
816 3126 966 3169 obligata
1002 3136 1063 3168 pro
1103 3127 1241 3159 dotibus
1266 3128 1299 3160 et
1323 3127 1453 3160 iuribus
1478 3127 1650 3160 dotalibus
1675 3129 1758 3168 suis,
1795 3129 2012 3170 presentibus
