2496 3600
494 258 540 293 20

1363 498 1455 540 IX.

583 608 599 638 1
623 608 792 638 canonici
816 608 1025 638 Later-anesi
1049 609 1166 638 hanno
1190 608 1226 637 la
1249 608 1364 646 prima
1387 608 1522 639 notizia
1545 609 1641 639 della
1665 610 1897 641 concessione
1920 611 2101 676 pontificia
2125 612 2198 650 agli
2228 613 2317 644 Ere-

494 661 619 692 mitani
643 670 662 691 e
687 661 719 691 si
743 666 951 700 protestano
974 661 1092 699 pronti
1117 661 1161 691 ad
1187 661 1356 691 obhedire
1381 662 1453 692 alla
1478 662 1594 695 Bolia.

1126 784 1283 818 1327,
1302 784 1584 819 iebbra109
1604 785 1696 812 23.

978 872 1055 898 (Arcu.
1072 873 1094 895 di
1109 872 1186 900 State,
1201 873 1290 896 Milano
1304 884 1331 888 —
1346 873 1452 902 Pergam.
1468 874 1490 896 dl
1505 873 1529 896 S.
1546 873 1624 897 Pletro
1638 874 1661 896 ln
1676 874 1725 898 Ciel
1740 874 1835 902 d'Oro).

511 1007 736 1045 ⁵2—-l

566 1062 682 1178 A
733 1058 818 1113 fNNo
843 1081 862 1105 a
887 1071 1070 1105 Nativitate
1095 1071 1230 1104 Domini
1256 1071 1441 1106 Millesimo
1476 1073 1706 1106 tricentesimo
1742 1074 1909 1116 vigesimo
1944 1075 2101 1117 septimo,
2137 1075 2322 1110 indictione

513 1125 515 1184 ζ
732 1128 734 1183 ζ
761 1136 903 1175 decima,
929 1135 983 1168 die
1009 1135 1101 1168 Lune
1126 1135 1294 1178 vigesimo
1318 1136 1423 1168 tercio
1448 1136 1576 1169 mensis
1601 1136 1771 1177 februarii,
1790 1137 1873 1170 hora
1890 1146 2121 1179 vesperarum,
2146 1138 2180 1171 in
2197 1137 2321 1172 Maiori

511 1185 547 1239 L
731 1186 734 1232 l
762 1199 916 1232 Ecclesia
940 1199 1108 1241 papiensi,
1134 1199 1293 1232 videlicet
1317 1201 1394 1232 ante
1419 1199 1523 1232 altare
1550 1199 1660 1241 ipsius
1684 1199 1840 1239 ecclesie,
1876 1209 1989 1233 coram
2014 1209 2067 1233 me
2099 1201 2231 1234 notario
2265 1202 2301 1234 et

494 1264 639 1297 testibus
664 1262 897 1304 infrascriptis.
923 1260 1107 1295 Constituti
1132 1262 1290 1295 dominus
1316 1261 1587 1295 Archidiaconus
1611 1262 1799 1304 papiensis,
1831 1262 1991 1295 dominus
2026 1261 2242 1305 Bergondius
2275 1263 2320 1298 de

495 1326 620 1366 Tortis,
645 1326 803 1358 dominus
829 1324 991 1357 Bellonus
1016 1324 1058 1357 de
1083 1323 1296 1366 Pauperinis‚
1322 1324 1481 1357 dominus
1506 1323 1621 1358 Guido
1645 1325 1688 1357 de
1705 1324 1816 1358 Zaciis
1840 1326 1873 1358 et
1889 1325 2050 1358 dominus
2062 1323 2144 1358 Otto
2160 1325 2204 1358 de
2216 1324 2323 1359 Alba-

495 1389 596 1428 riciis,
614 1388 767 1421 canonici
786 1387 874 1420 dicte
893 1387 1030 1420 maioris
1047 1386 1192 1420 ecclesie
1221 1387 1408 1428 papiensis,
1426 1387 1585 1420 dominus
1613 1386 1714 1420 frater
1738 1386 1919 1429 Philippus
1932 1389 1965 1420 et
1981 1386 2083 1420 frater
2110 1386 2324 1422 Rolandinus

495 1450 633 1484 Ordinis
659 1450 808 1483 Fratrum
834 1450 876 1482 de
902 1449 1019 1482 Monte
1045 1447 1221 1489 Calmello‚
1246 1449 1414 1491 presbiter
1438 1448 1621 1484 Ronsonus
1645 1449 1908 1491 archipresbiter
1924 1449 2036 1492 plebis
2053 1449 2272 1484 Villelanterii
2289 1451 2325 1484 et

496 1514 663 1556 presbiter
687 1513 853 1545 lohannes
879 1512 1023 1545 ecclesie
1049 1510 1163 1545 Sancti
1188 1511 1345 1554 Nycolay
1370 1512 1412 1545 de
1438 1511 1588 1551 Moneta,
1613 1512 1772 1545 dixerunt
1796 1514 1829 1545 et
1853 1512 2028 1554 protestati
2053 1511 2188 1546 fuerunt
2211 1513 2245 1546 et
2260 1521 2327 1555 pu-

496 1577 583 1609 blice
608 1577 838 1618 protestantur
861 1577 893 1607 et
918 1575 1035 1608 dicunt
1052 1575 1084 1607 in
1103 1583 1218 1607 eorum
1243 1575 1385 1614 animas,
1411 1574 1553 1616 quilibet
1578 1575 1741 1616 ipsorum,
1765 1574 1980 1617 infrascripta
2004 1574 2118 1608 omnia
2133 1583 2212 1608 esse
2229 1583 2322 1616 vera,
2405 1609 2406 1612 ,

496 1639 678 1672 videlicet:

585 1700 686 1740 Quod
711 1701 766 1733 die
791 1701 907 1733 martis
931 1700 1064 1733 decimo
1089 1700 1235 1742 septimo
1259 1700 1340 1732 dicti
1365 1700 1493 1732 mensis
1518 1699 1701 1739 Februarii,
1726 1699 1759 1732 in
1783 1699 1856 1732 sala
1880 1699 2007 1732 domini
2033 1698 2202 1742 Prepositi
2233 1699 2324 1734 dicte

497 1765 634 1797 maioris
659 1763 804 1796 ecclesie
830 1763 1006 1805 papiensis
1031 1764 1125 1795 erant
1161 1762 1385 1804 personaliter
1420 1762 1580 1795 dominus
1616 1761 1731 1795 Frater
1765 1760 1946 1804 Philippus
1981 1762 2092 1795 abbas
2127 1761 2323 1796 monasterii

497 1826 611 1860 Sancti
637 1826 726 1859 Petri
753 1827 785 1858 in
811 1826 885 1859 celo
910 1835 1013 1858 aureo
1038 1825 1225 1867 papiensis,
1251 1825 1343 1867 quod
1369 1825 1610 1858 monasterium
1636 1825 1828 1858 immediate
1853 1825 1973 1858 subest
2008 1825 2147 1858 domino
2181 1813 2323 1859 Summo

498 1889 653 1922 Pontifici
679 1891 712 1922 et
737 1888 890 1921 Ecclesie
915 1888 1076 1928 Romane,
1101 1890 1134 1921 et
1158 1888 1258 1921 etiam
1282 1887 1384 1921 frater
1408 1886 1541 1927 Carlus,
1565 1887 1667 1920 frater
1694 1886 1874 1927 Martinus,
1890 1887 1993 1920 frater
2009 1886 2197 1927 Rubaldus,
2219 1874 2324 1921 frater

496 1951 656 1991 Michael,
674 1951 775 1984 frater
791 1950 964 1984 Oliverius
981 1953 1013 1983 et
1030 1950 1132 1983 frater
1148 1949 1329 1993 Georgius,
1353 1950 1474 1983 fratres
1490 1952 1523 1983 et
1540 1950 1694 1983 canonici
1719 1949 1800 1982 dicti
1818 1949 2012 1983 monasterii
2030 1947 2145 1982 Sancti
2162 1947 2263 1983 Petri:
2280 1947 2324 1983 Et

496 2016 596 2048 etiam
614 2014 715 2047 frater
728 2012 905 2056 Oyrardus
923 2012 1062 2046 Ordinis
1080 2013 1231 2046 Fratrum
1246 2013 1548 2052 Heremitanorum,
1566 2013 1624 2054 qui
1642 2021 1680 2045 se
1697 2012 1848 2054 appellat
1866 2011 2036 2045 Vicarium
2058 2010 2261 2045 Generalem
2288 2005 2323 2045 in

497 2077 700 2110 Lombardia
724 2075 863 2110 Ordinis
888 2076 1030 2118 predicti
1055 2073 1117 2117 (l),
1143 2077 1175 2108 et
1198 2075 1300 2108 frater
1324 2075 1465 2110 Rufinus
1505 2074 1601 2108 Prior
1635 2077 1826 2108 conventus
1861 2075 2028 2108 dictorum
2064 2074 2215 2108 Fratrum
2249 2070 2324 2116 (2),

496 2140 598 2172 frater
622 2138 782 2172 Albertus
808 2138 913 2172 lector
937 2140 969 2171 et
993 2138 1094 2171 frater
1130 2136 1333 2171 Guillelmus
1358 2138 1400 2170 de
1425 2136 1548 2178 Gavio,
1583 2137 1704 2170 fratres
1740 2137 1820 2170 dicti
1857 2135 1996 2170 Ordinis
2021 2136 2323 2170 Heremitanorum.
2364 2150 2367 2154 ¹
2402 2115 2426 2147 ·”’

496 2202 537 2235 Et
561 2202 653 2244 quod
679 2202 712 2234 in
737 2211 852 2234 eorum
878 2202 1026 2233 omnium
1052 2201 1230 2242 presencia
1255 2201 1301 2233 ibi
1326 2201 1535 2240 sedencium,
1561 2200 1674 2233 dictus
1698 2200 1858 2233 dominus
1882 2199 2001 2233 Abbas
2025 2199 2220 2233 monasterii
2247 2207 2327 2242 pre-

498 2265 591 2298 libati
617 2265 703 2297 dixit
727 2266 759 2296 et
784 2264 1003 2305 interrogavit
1028 2264 1139 2296 dictos
1157 2263 1289 2296 Fratres
1307 2263 1543 2296 Heremitanos
1567 2263 1596 2295 si
1622 2263 1794 2296 habebant
1817 2262 1952 2304 aliquas
1975 2262 2104 2295 litteras
2128 2262 2326 2304 impetratas

497 2337 517 2360 a
541 2326 680 2361 Summo
705 2325 880 2365 Pontifice,
906 2318 972 2367 que
1005 2327 1180 2368 tangerent
1205 2326 1238 2358 in
1263 2325 1378 2367 aliquo
1407 2326 1534 2358 dictum
1571 2325 1812 2358 monasterium
1848 2323 1963 2358 Sancti
1999 2323 2100 2364 Petri,
2125 2323 2179 2357 vel
2211 2323 2324 2358 dictos

498 2389 665 2423 Abbatem
684 2391 716 2422 et
734 2389 866 2422 Fratres
891 2389 971 2421 dicti
997 2389 1191 2421 monasterii
1210 2387 1324 2421 Sancti
1342 2387 1443 2428 Petri,
1461 2388 1580 2421 dicens
1605 2389 1637 2420 et
1661 2387 1807 2420 offerens
1832 2387 1945 2420 dictus
1969 2387 2128 2420 dominus
2149 2385 2270 2420 Abbas
2285 2394 2324 2420 se

497 2453 598 2485 dictis
623 2451 797 2485 Fratribus
822 2451 1047 2484 Heremitanis
1073 2451 1104 2482 in
1130 2451 1220 2483 omni
1246 2459 1287 2483 eo
1312 2450 1404 2492 quod
1430 2458 1634 2483 concessum
1674 2449 1875 2492 reperiretur
1910 2457 1987 2482 esse
2024 2457 2228 2482 concessum
2261 2456 2326 2491 per

498 2513 672 2547 Summum
702 2513 912 2553 Pontificem,
938 2515 1130 2546 reverenter
1153 2512 1263 2546 facere
1289 2515 1321 2545 et
1345 2512 1530 2554 adimplere
1555 2521 1632 2545 cum
1657 2512 1778 2545 effectu
1815 2511 1978 2553 quicquid
2012 2511 2214 2553 reperiretur
2243 2517 2323 2544 esse

497 2585 700 2609 concessum
725 2585 786 2618 per
810 2574 984 2609 Summum
1010 2574 1208 2607 Pontificem
1233 2576 1304 2607 toto
1328 2583 1444 2607 eorum
1469 2583 1584 2616 posse.
1611 2572 1746 2612 Quibus
1771 2573 2023 2616 interrogationi
2047 2575 2080 2606 et
2103 2572 2206 2606 dictis
2233 2572 2327 2606 eius-

497 2639 574 2671 dem
599 2639 726 2671 domini
752 2637 906 2677 Abbatis,
932 2637 1186 2679 suprascriptus
1210 2637 1311 2669 frater
1335 2635 1512 2676 Girardus‚
1537 2635 1791 2678 respondendo,
1816 2636 1903 2668 dixit
1927 2644 1965 2668 se
1990 2634 2101 2668 nullas
2125 2634 2251 2668 habere
2266 2633 2321 2667 lit-

497 2703 587 2733 teras
612 2700 832 2742 apostolicas;
856 2702 968 2733 tamen
993 2700 1080 2732 dixit
1104 2708 1141 2732 se
1167 2699 1339 2741 recepisse
1365 2699 1492 2732 litteras
1516 2708 1536 2732 a
1560 2698 1728 2741 Magistro
1755 2698 1809 2731 sui
1837 2696 1978 2731 Ordinis
2013 2695 2183 2737 Generali,
2218 2695 2329 2730 conti·-

497 2765 617 2796 nentes
642 2763 734 2805 quod
760 2763 834 2805 ipse
860 2763 1026 2805 Magister
1065 2761 1243 2795 Generalis
1280 2762 1518 2803 impetraverat
1553 2761 1681 2794 litteras
1705 2770 1725 2794 a
1748 2759 1889 2794 Summo
1924 2758 2088 2793 Pontifice
2125 2761 2160 2792 ut
2183 2758 2318 2792 Fratres

498 2825 579 2858 dicti
605 2824 744 2858 Ordinis
769 2825 1059 2858 Heremitanorum
1089 2826 1231 2867 possent
1267 2824 1383 2856 divina
1408 2823 1520 2856 officia
1555 2823 1740 2863 celebrare,
1775 2822 2073 2864 quandocumque,
2108 2830 2171 2863 pro
2205 2829 2322 2854 eorum

499 2887 604 2920 libera
629 2887 812 2927 voluntate,
838 2887 871 2919 in
896 2887 1043 2920 ecclesia
1067 2887 1147 2920 dicti
1173 2886 1367 2919 monasterii
1407 2884 1521 2919 Sancti
1547 2884 1636 2918 Petri
1662 2885 1694 2918 in
1719 2883 1805 2919 Celo
1827 2893 1932 2918 aureo
1960 2883 2147 2926 papiensis,
2172 2884 2206 2916 et
2229 2882 2324 2925 quod

555 3043 586 3070 (l)
600 3043 690 3069 Questo
699 3043 759 3065 irate
773 3043 886 3070 Gerardo,
901 3044 993 3066 Vicario
1004 3044 1115 3066 Generale
1126 3044 1148 3066 dl
1161 3043 1307 3070 Lombardia,
1318 3043 1330 3065 ὲ
1340 3049 1384 3065 con
1438 3043 1539 3070 Savona,
1555 3044 1631 3064 morto
1646 3043 1682 3064 nel
1699 3042 1756 3065 ¹355.
1772 3042 1801 3064 Di
1815 3042 1847 3064 lui
1862 3042 1915 3064 vedl
1929 3041 2046 3069 Τοηειιι,
2057 3041 2103 3063 vol.
2113 3041 2152 3068 Vl,
2162 3046 2216 3068 pag.
2229 3039 2254 3063 13
2262 3045 2324 3068 seg..

502 3089 565 3110 tutta
580 3087 720 3114 probabilita
734 3088 749 3109 il
763 3087 854 3109 celebre
869 3088 892 3110 F.
909 3087 1012 3110 Gerardo
1027 3088 1056 3110 da
1071 3088 1186 3115 Bergamo
1200 3089 1280 3110 natoa
1293 3087 1382 3114 senna,
1438 3088 1555 3114 LANTERl,
1570 3093 1609 3114 op.
1625 3087 1664 3109 cit.
1679 3087 1726 3109 vol.
1741 3087 1758 3113 l,
1773 3092 1827 3114 pag.
1844 3086 1889 3108 10⁴.
2322 3084 2328 3085 ’

502 3132 629 3154 laureatosi
643 3137 657 3154 a
673 3131 757 3158 Parigi,
773 3137 785 3153 e
800 3132 836 3153 nel
853 3132 904 3154 1342
918 3132 947 3154 da
963 3131 1082 3154 Clemente
1096 3132 1125 3155 Vl
1140 3133 1212 3155 eletio
1233 3133 1341 3155 vescovo
1362 3132 1385 3154 di
1493 3130 1524 3158 (2)
1537 3130 1657 3153 S'intende
1671 3130 1686 3152 il
1701 3130 1781 3152 Priore
1795 3130 1818 3152 di
1833 3129 1857 3152 S.
1873 3129 1985 3152 Mostioin
1999 3129 2022 3151 di
2037 3128 2117 3151 pavia.
