2496 3600
1949 254 2010 286 167

110 369 138 395 7¹⁴
195 379 301 416 netur,
325 377 452 418 quibus
476 377 614 418 quidem
640 378 750 419 pactis
775 380 807 411 et
831 379 1124 412 convencionibus
1149 389 1216 412 non
1241 381 1469 420 obstantibus,
1495 382 1636 423 predicti
1655 382 1773 416 Abbas
1798 386 1829 416 et
1847 383 2010 418 Canonici

116 434 122 445 ¹
197 447 305 481 usque
329 447 419 471 nunc
442 439 567 472 dictam
591 439 771 472 ecclesiam
796 440 944 474 retficere
969 443 1001 474 et
1025 442 1235 483 reccoperire
1259 452 1298 475 ac
1323 444 1529 476 necessariis
1553 444 1671 477 fulcire
1696 446 1728 477 et
1752 445 1868 478 fultam
1899 449 2011 480 tenere

194 501 358 544 expensis
382 501 534 543 ipsorum
559 511 621 543 pro
646 503 824 536 medietate
849 506 1090 536 recusaverunt
1106 506 1139 537 et
1156 505 1257 538 hodie
1275 507 1444 545 recusant,
1469 506 1588 539 saltem
1605 506 1704 546 facto,
1723 507 1801 540 licet
1818 509 1932 541 verbis
1950 510 2013 542 hoc

194 565 412 599 asseruerunt
435 563 522 596 velle
547 563 670 603 facere,
694 565 776 606 quin
802 574 881 607 ymo
906 566 1000 607 passi
1025 565 1160 599 fuerunt
1185 568 1217 599 et
1241 569 1320 599 sunt
1344 576 1405 609 per
1429 568 1525 609 ipsos
1550 567 1700 601 Priorem
1726 571 1758 602 et
1783 569 1916 603 Fratres
1956 580 2014 603 eo-

192 635 266 660 rum
290 626 485 667 sumptibus
510 626 657 668 propriis
682 627 825 660 eandem
851 628 1031 661 ecclesiam
1057 628 1205 661 refficere
1230 631 1262 661 et
1287 630 1396 670 ipsam
1431 630 1549 663 fulcire
1575 632 1607 663 et
1632 630 1749 663 fultam
1781 633 1904 664 tenere.
1934 630 2008 670 Que

194 688 331 731 quidem
355 687 502 721 eccleSIa
526 688 694 722 deversus
719 691 848 731 partem
874 690 1026 731 ipsorum
1051 689 1196 723 Abbatis
1221 693 1253 723 et
1277 689 1529 724 Canonicorum
1555 693 1701 725 minatur
1725 693 1865 733 ruinam,
1895 703 2014 735 quam-

111 766 119 804 j,
191 759 296 793 quam
320 750 362 783 de
387 751 551 792 predictis
575 751 656 784 dicti
682 751 800 785 Abbas
825 754 857 785 et
881 750 1045 785 Canonici
1071 762 1132 794 per
1156 754 1294 786 eosdem
1320 753 1469 787 Priorem
1494 756 1527 787 et
1551 754 1683 788 Fratres
1720 764 1780 788 seu
1817 765 1932 788 eorum
1969 756 2015 789 le-

118 816 139 839 ··,
194 813 370 856 giptimum
394 813 563 846 sindicum
589 813 760 856 legiptime
785 814 883 847 fuerit
920 815 1132 856 interpellati,
1157 824 1200 848 ex
1226 825 1295 857 quo
1319 816 1362 848 de
1386 817 1467 856 iure,
1497 817 1573 858 ipso
1610 817 1691 857 Iure,
1718 817 1771 850 vel
1797 818 1916 850 saltem
1953 827 2014 860 per

193 876 400 910 sentenciam
425 875 548 908 iudicis
572 876 862 918 subsequendam,
888 879 967 909 sunt
991 879 1023 910 et
1048 886 1125 910 esse
1151 878 1277 910 debent
1301 879 1423 919 privati
1448 888 1666 920 quocumque
1692 879 1762 912 iure
1780 880 1845 912 sibi
1864 881 1896 912 in
1922 881 2013 913 dicta

193 938 339 973 ecclesia
363 938 621 980 quomodolibet
645 939 844 980 pertinente.

282 1000 362 1034 Item
387 1001 510 1034 asserit
535 1002 790 1043 suprascriptus
816 1001 983 1035 lohannes
1008 1003 1100 1035 dicto
1125 1003 1308 1035 sindIcario
1334 1004 1479 1043 nomine,
1498 1004 1658 1036 addendo
1675 1005 1708 1037 et
1724 1004 1848 1037 addere
1866 1004 2015 1037 volendo

193 1065 229 1097 ut
252 1072 366 1105 supra,
384 1064 477 1105 quod
502 1064 531 1096 si
557 1065 590 1096 et
615 1064 647 1096 in
673 1066 836 1105 quantum
862 1066 1026 1106 appareat
1051 1065 1146 1106 ipsos
1172 1066 1317 1107 priorem
1343 1067 1375 1098 et
1399 1066 1517 1099 fratres
1542 1066 1628 1099 alias
1644 1066 1751 1099 fuisse
1769 1067 1948 1100 investitos
1973 1067 2015 1100 de

127 1121 138 1158 ’ἶ
193 1126 308 1168 aliquo
333 1126 499 1159 sedimine
524 1126 590 1159 sito
615 1125 721 1168 Papie
747 1135 808 1159 seu
834 1127 919 1159 intra
956 1127 1187 1160 habitaculum
1213 1129 1245 1160 et
1270 1128 1426 1160 hedificia
1462 1128 1627 1161 dictorum
1664 1129 1786 1170 prioris
1811 1131 1843 1161 et
1874 1129 2012 1162 fratrum

122 1180 135 1226 ’,
191 1189 226 1222 et
249 1189 410 1230 precipue
436 1188 615 1221 cuiusdam
641 1189 818 1222 sediminis
843 1189 1047 1222 tabullarum
1073 1191 1229 1231 quatuor,
1266 1190 1320 1222 cui
1358 1191 1517 1223 coherere
1554 1190 1711 1223 solebant
1736 1191 1779 1223 ab
1816 1200 1882 1223 una
1919 1193 2013 1233 parte

198 1251 342 1284 heredes
378 1251 557 1284 cuiusdam
594 1250 803 1293 Saglimbeni
829 1252 871 1284 de
896 1250 1007 1291 Sistis,
1033 1252 1076 1285 ab
1102 1252 1178 1285 aliis
1214 1253 1350 1285 duabus
1387 1253 1541 1294 partibus
1578 1253 1658 1285 dicti
1694 1253 1814 1286 iratres
1851 1255 1883 1286 et
1922 1254 2016 1295 capi-

192 1313 323 1353 tullum,
348 1314 422 1347 sive
447 1314 493 1346 ibi
518 1313 583 1346 alie
608 1314 661 1346 vel
687 1314 784 1346 aliter
808 1314 876 1347 sint
900 1314 952 1346 vel
978 1314 1102 1347 fuerint
1127 1315 1325 1347 coherencie
1351 1315 1513 1354 veriores,
1538 1315 1581 1347 ad
1607 1315 1755 1356 aliquam
1781 1324 1926 1347 annuam
1945 1315 2013 1348 ficti

193 1377 433 1420 prestationem
454 1377 498 1409 ab
523 1377 609 1418 ipsis
634 1376 758 1409 abbate
783 1378 815 1409 et
839 1377 1005 1416 canonici,
1031 1379 1063 1409 et
1087 1378 1119 1409 in
1146 1379 1308 1418 quantum
1335 1378 1430 1419 ipsos
1456 1378 1600 1419 priorem
1626 1379 1656 1410 et
1681 1377 1802 1410 fratres
1827 1378 1938 1419 ipsum
1963 1386 2018 1410 se—

192 1439 305 1472 dimen
331 1439 384 1472 vel
409 1439 548 1481 aliquod
573 1439 666 1472 aliud
691 1439 853 1478 detinere,
878 1439 971 1480 quod
998 1439 1079 1471 illud
1106 1440 1171 1481 ipsi
1197 1440 1306 1472 abbas
1331 1441 1363 1472 et
1388 1440 1541 1472 canonici
1568 1439 1714 1472 vendere
1755 1439 1884 1472 eisdem
1910 1440 2011 1481 priori

192 1502 225 1535 et
246 1501 407 1534 fratribus
432 1511 494 1543 pro
519 1501 608 1534 iusto
644 1502 760 1543 precio
796 1503 994 1534 recusarunt
1019 1503 1051 1534 et
1075 1501 1176 1534 hodie
1213 1503 1380 1541 recusant,
1417 1510 1623 1542 quamquam
1660 1501 1701 1533 ad
1728 1501 1761 1533 id
1787 1501 1828 1533 de
1855 1501 1924 1533 iure
1950 1501 2017 1533 sint

192 1564 319 1598 astricti
344 1573 388 1597 ex
412 1564 520 1597 forma
545 1564 726 1606 privillegii
752 1564 887 1606 papalis
911 1564 1085 1606 quondam
1112 1564 1200 1597 bone
1226 1564 1386 1596 memorie
1411 1572 1500 1605 pape
1519 1563 1677 1596 Iohannis
1694 1565 1726 1596 et
1743 1563 1930 1596 secundum
1949 1563 2016 1596 for-

191 1635 279 1660 mam
304 1626 414 1668 ipsius
439 1626 587 1659 debeant
611 1626 654 1659 ad
680 1627 713 1659 id
739 1626 955 1659 vendendum
981 1627 1071 1658 iusto
1095 1621 1209 1668 'precio
1235 1626 1363 1658 eisdem
1390 1626 1492 1667 priori
1517 1627 1549 1658 et
1574 1625 1735 1658 fratribus
1760 1634 1820 1666 per
1836 1634 2014 1658 censuram

191 1688 459 1722 ecclesiasticam
485 1688 654 1730 compelli,
679 1697 898 1730 quocumque
923 1688 1139 1730 apellationis
1165 1690 1292 1720 remoto
1317 1687 1508 1726 obstaculo,
1535 1689 1570 1720 ut
1594 1696 1636 1720 ex
1661 1687 1768 1719 forma
1802 1687 1912 1728 ipsius
1948 1687 2016 1728 pri—

191 1750 305 1794 vilegii
331 1751 465 1793 papalis
489 1751 663 1784 evidenter
687 1753 839 1793 apparet.

282 1813 361 1846 Item
386 1814 508 1847 asserit
533 1814 608 1855 ipse
633 1813 810 1854 lohannes,
835 1814 927 1846 dicto
952 1814 1136 1846 sindieario
1154 1814 1300 1852 nomine,
1318 1812 1477 1845 addendo
1495 1814 1530 1844 ut
1547 1821 1662 1854 supra,
1680 1812 1771 1853 quod
1790 1812 2013 1853 suprascripti

191 1875 300 1909 abbas
324 1878 357 1909 et
381 1876 546 1916 canonici,
571 1878 638 1909 tam
663 1878 781 1909 contra
806 1878 905 1918 pacta
930 1877 962 1909 et
986 1877 1240 1909 convenciones
1266 1876 1348 1908 inita
1373 1877 1405 1908 et
1428 1874 1537 1907 factas
1563 1876 1598 1907 ut
1622 1874 1834 1916 premittitur,
1852 1883 1953 1915 quam
1979 1882 2014 1906 e-

191 1939 278 1972 ciam
303 1940 420 1972 contra
443 1938 585 1972 formam
611 1941 643 1971 et
667 1940 816 1972 tenorem
842 1938 1023 1981 privillegii
1050 1938 1184 1980 papalis
1209 1938 1381 1977 antedicti,
1419 1938 1546 1970 eisdem
1573 1937 1674 1978 priori
1701 1938 1733 1969 et
1757 1936 1918 1969 fratribus
1954 1945 2015 1977 per

192 2002 319 2035 dictum
345 2002 518 2044 quondam
543 2002 716 2034 dominum
742 2011 866 2043 papam
893 2001 1075 2034 Iohannem
1101 2001 1270 2040 concessi,
1285 2000 1532 2033 multiformiter
1556 1999 1781 2032 comisserunt
1806 2001 1872 2031 tam
1899 1999 1931 2031 in
1956 2007 2014 2031 su-

193 2063 372 2106 bripiendo
396 2063 595 2097 oblaciones
620 2073 687 2105 que
712 2064 842 2096 eisdem
868 2064 970 2105 priori
996 2066 1028 2096 et
1052 2063 1212 2096 fratribus
1238 2063 1279 2096 de
1306 2063 1376 2095 iure
1402 2062 1625 2101 debebantur,
1650 2070 1751 2103 quam
1777 2061 1882 2093 eciam
1906 2061 2011 2099 aliter,

193 2127 382 2160 secundum
407 2127 500 2168 quod
526 2127 559 2159 in
585 2135 750 2168 processu
777 2136 890 2159 coram
916 2127 1017 2159 vobis
1042 2126 1282 2165 verificabitur,
1308 2134 1350 2158 ex
1376 2134 1445 2166 quo
1462 2125 1504 2157 de
1523 2125 1593 2157 iure
1619 2124 1741 2166 privati
1767 2125 1846 2156 sunt
1863 2132 1923 2156 seu
1946 2123 2013 2164 pri-

191 2189 263 2222 vari
288 2190 414 2223 debent
437 2190 480 2222 de
505 2190 575 2222 iure
601 2198 662 2231 per
685 2189 893 2222 sentenciam
919 2189 1043 2222 iudicis
1069 2188 1359 2230 subsequendam,
1384 2187 1475 2220 omni
1501 2187 1645 2219 comodo
1670 2188 1703 2219 et
1727 2186 1869 2219 utilitate
1905 2186 2013 2218 dicto-

192 2261 264 2285 rum
288 2254 462 2294 pactorum
487 2254 520 2285 et
544 2252 827 2291 convencionum,
853 2261 892 2284 ac
917 2252 1024 2284 eciam
1050 2252 1129 2284 dicti
1156 2251 1336 2293 privillegii
1362 2250 1507 2292 papalis,
1532 2258 1738 2290 quamquam
1757 2249 1822 2290 ipsi
1847 2248 1957 2280 abbas
1981 2249 2012 2279 et

191 2315 345 2349 canonici
370 2314 535 2347 funeralia
559 2316 591 2347 et
615 2314 784 2356 obsequia
808 2314 1021 2347 diversorum
1047 2322 1227 2355 corporum
1253 2313 1296 2345 ad
1321 2312 1503 2345 ecclesiam
1541 2312 1650 2353 ipsam
1687 2311 1908 2352 sepultorum,
1944 2318 2010 2351 que

190 2377 328 2420 quidem
353 2377 518 2410 funeralia
543 2379 575 2410 et
598 2377 766 2419 obsequia
791 2377 876 2410 inter
901 2377 997 2418 ipsas
1022 2378 1136 2418 partes
1161 2376 1256 2408 iuxta
1292 2375 1434 2407 formam
1459 2376 1635 2416 pactorum
1673 2375 1705 2406 et
1741 2373 2010 2406 convencionum

190 2440 436 2473 antedictorum
461 2440 650 2472 comuniter
672 2439 780 2471 dividi
805 2439 988 2478 debebant,
1014 2439 1197 2480 rapuerunt
1222 2439 1254 2470 et
1278 2438 1345 2470 alia
1384 2438 1651 2479 exportaverunt
1683 2438 1715 2468 et
1741 2436 1773 2467 in
1806 2444 1890 2468 suos
1927 2443 2011 2467 usus

190 2502 347 2545 proprios
371 2503 621 2541 converterunt,
646 2503 758 2543 preter
781 2503 814 2534 et
838 2503 955 2534 contra
980 2501 1189 2534 voluntatem
1215 2501 1367 2542 ipsorum
1392 2500 1515 2541 prioris
1533 2501 1565 2531 et
1581 2498 1730 2537 fratrum,
1755 2499 1787 2530 et
1813 2497 1916 2529 multa
1945 2496 2011 2529 alia

190 2565 452 2598 commisserunt
476 2566 508 2597 et
531 2564 682 2597 fecerunt
706 2566 823 2596 contra
847 2563 988 2596 formam
1014 2563 1181 2596 dictorum
1207 2564 1381 2604 pactorum
1407 2564 1439 2594 et
1464 2561 1740 2603 privillegiorum‚
1772 2560 1814 2591 de
1833 2559 1959 2600 quibus
1977 2559 2009 2591 in

191 2636 357 2670 processu
382 2636 496 2660 coram
521 2626 622 2659 vobis
647 2626 886 2659 verificabitur.

278 2689 391 2730 Quare
416 2690 499 2732 petit
523 2691 556 2722 et
580 2689 719 2730 requirit
743 2689 832 2721 idem
859 2688 1026 2721 lohannes
1051 2689 1143 2721 dicto
1168 2687 1353 2720 sindicario
1378 2686 1513 2719 nomine
1538 2694 1557 2718 a
1583 2685 1682 2717 vobis
1708 2684 1846 2716 domino
1871 2692 2010 2716 conser-

191 2754 306 2786 vatore
331 2762 392 2786 seu
410 2751 634 2794 subdelegato
658 2751 839 2790 antedicto,
857 2753 1026 2792 quatenus
1043 2759 1104 2792 per
1120 2759 1184 2783 vos
1201 2751 1234 2782 et
1251 2759 1293 2782 ex
1311 2749 1414 2782 vestri
1432 2748 1545 2781 officio
1563 2756 1602 2780 ac
1619 2756 1679 2789 per
1695 2748 1842 2779 vestram
1861 2745 2012 2778 diffiniti-

190 2823 267 2848 vam
291 2815 499 2848 sentenciam
525 2813 768 2856 pronuncietis,
793 2813 1012 2846 sentencietis
1037 2814 1069 2845 et
1094 2812 1274 2845 declaretis
1310 2810 1564 2852 suprascriptos
1601 2809 1758 2842 dominos
1794 2808 1952 2841 abbatem
1978 2809 2010 2840 et

192 2861 375 2910 canonicos
399 2878 431 2910 et
455 2875 664 2918 capitullum,
689 2875 763 2909 sive
788 2875 900 2917 ipsum
926 2873 1101 2908 Stefanum
1127 2883 1242 2907 eorum
1269 2873 1437 2906 sindicum
1463 2873 1494 2904 et
1523 2872 1776 2913 procuratorem
1805 2878 1920 2902 eorum
1950 2878 2010 2902 no-

191 2939 350 2979 minibus,
374 2939 543 2972 cecidisse
566 2948 586 2971 a
610 2947 817 2980 quocunque
843 2937 914 2970 iure
939 2937 1004 2970 sibi
1030 2938 1242 2978 competente
1267 2936 1299 2968 in
1325 2934 1471 2968 ecclesia
1496 2934 1689 2972 memorata,
1715 2933 1880 2974 ipsosque
1902 2931 2010 2964 domi-

191 3010 254 3035 nos
277 3002 445 3042 abbatem,
470 3001 667 3040 canonicos,
692 3002 724 3034 et
749 2998 956 3042 Capitulum,
982 2999 1055 3032 sive
1081 2999 1193 3040 ipsum
1218 2998 1387 3031 sindicum
1413 3005 1527 3029 eorum
1546 2995 1752 3034 nominibus,
1766 2994 1799 3027 in
1816 2994 1933 3027 eadem
1954 3003 2010 3027 ec-

189 3064 295 3098 clesia
318 3064 447 3097 nullum
472 3065 525 3097 ius
550 3064 684 3103 habere,
709 3064 742 3096 et
766 3063 872 3096 eciam
898 3062 1008 3104 ipsam
1033 3061 1213 3094 ecclesiam
1238 3069 1315 3093 cum
1340 3059 1499 3092 omnibus
1535 3057 1754 3100 pertinenciis
1790 3057 1863 3090 suis
1899 3056 2006 3089 eidem

191 3125 329 3160 Iohanni
346 3126 437 3159 dicto
450 3126 634 3160 sindicario
653 3125 788 3158 nomine
805 3126 961 3167 spectare
979 3125 1011 3156 et
1029 3123 1208 3165 pertinere,
1225 3123 1258 3155 et
1274 3131 1334 3164 per
1350 3122 1462 3164 ipsum
1481 3121 1581 3153 dictis
1601 3120 1704 3162 priori
1722 3121 1754 3152 et
1770 3119 1940 3157 fratribus;
1958 3118 2008 3159 ip-
