2496 3600
1962 251 2023 282 195

208 370 444 410 clesiasticam,
469 370 697 412 appellatione
722 374 925 414 postposita,
950 375 1213 416 compescendo,
1239 378 1338 417 prout
1363 377 1395 408 in
1413 377 1498 418 ipsis
1524 377 1642 410 litteris
1667 378 1801 419 plenius
1826 381 2021 414 continetur.

297 431 421 465 Postea
446 442 526 465 vero
551 434 702 466 exhibita
727 436 826 467 nobis
851 445 958 477 nuper
983 446 1044 478 pro
1068 439 1162 478 parte
1186 438 1352 470 dictorum
1378 438 1522 470 tiliorum
1541 438 1666 472 Prioris
1684 442 1716 472 et
1734 440 1882 472 Fratrum
1901 442 2022 475 domus

208 495 384 537 papiensis
408 496 515 528 sancti
541 495 734 538 Augustini,
759 498 887 530 ordinis
913 499 1155 532 Heremitarum
1196 501 1348 533 eiusdem
1385 500 1510 540 Sancti,
1547 502 1664 543 petitio
1701 503 1894 535 continebat
1930 506 2021 545 quod

205 558 387 599 postquam
412 558 528 599 vigore
553 558 718 591 dictarum
744 560 926 592 litterarum
952 571 1040 594 unus
1066 561 1161 594 Prior
1185 564 1216 594 et
1241 563 1321 595 certi
1348 563 1480 596 Fratres
1505 564 1644 605 predicti
1663 565 1792 597 ordinis
1810 565 1852 597 ad
1872 567 2023 598 residen-

204 619 285 652 dum
311 628 417 661 prope
441 620 567 652 dictum
593 622 832 654 monasterium
858 625 890 655 et
914 624 956 655 ad
981 625 1097 656 divina
1124 625 1316 658 huiusmodi
1343 626 1375 657 in
1400 626 1517 658 eadem
1550 626 1695 659 ecclesia
1731 628 1870 668 predicti
1908 638 2024 661 mona-

204 682 296 716 sterii
320 691 382 723 pro
405 684 556 723 tempore
582 683 692 716 officia
717 685 929 725 celebranda,
947 687 1097 728 deputati
1116 687 1260 726 fuerunt,
1275 688 1446 728 quondam
1465 687 1666 722 Guillelmus
1684 690 1726 722 de
1744 688 1910 722 Cremona
1929 690 2024 723 Prior

203 743 381 778 Generalis
405 745 546 786 predicti
572 746 712 785 ordinis,
737 748 887 788 ipsorum
914 747 1040 781 Prioris
1065 751 1097 781 et
1123 749 1272 782 Fratrum
1297 751 1448 783 eiusdem
1474 751 1596 783 domus
1632 752 1815 784 accedente
1851 761 2020 799 consensu

202 815 245 840 ex
271 816 337 839 una
361 809 466 848 parte,
491 816 530 840 ac
556 808 728 849 quondam
754 808 935 851 Philippus
960 811 1069 843 abbas
1094 812 1173 844 dicti
1199 813 1392 845 monasterii
1418 815 1450 845 et
1475 813 1615 854 predicti
1653 812 1852 847 Conventus
1877 824 1919 847 ex
1945 815 2022 854 alia,

201 869 291 902 circa
315 869 440 901 cultum
477 869 630 902 divinum
667 880 727 911 per
763 872 858 912 ipsos
884 873 961 905 hinc
988 873 1064 906 inde
1091 883 1151 914 pro
1176 876 1327 915 tempore
1353 875 1384 906 in
1410 875 1528 907 eadem
1554 876 1699 908 ecclesia
1724 876 1964 909 celebrandum
1990 880 2021 909 et

200 931 300 964 etiam
325 931 528 964 divisionem
554 932 748 964 huiusmodi
774 933 975 966 funeralium
1002 935 1163 967 maiorum
1198 936 1322 976 pariter
1346 939 1378 968 et
1404 937 1568 968 minorum
1595 939 1626 969 et
1652 937 1842 970 relictorum
1877 939 2019 971 ecclesie

198 993 360 1035 predicte,
385 1002 447 1026 nec
471 1002 538 1026 non
563 994 773 1026 oblationum
798 1004 864 1036 que
891 1005 951 1037 pro
976 998 1126 1038 tempore
1151 997 1268 1029 fierent
1294 998 1326 1029 in
1352 999 1471 1030 eadem
1497 999 1652 1038 ecclesia,
1679 999 1765 1031 inter
1796 1000 1935 1032 eosdem
1961 1001 2022 1032 ab-

200 1055 310 1089 batem
336 1058 369 1089 et
393 1054 607 1089 Conventum
632 1059 664 1089 et
690 1056 839 1090 Priorem
865 1060 896 1090 et
922 1059 1054 1092 Fratres
1080 1061 1230 1101 predicte
1256 1061 1378 1092 domus
1403 1061 1593 1093 taciendam
1620 1064 1651 1094 et
1676 1063 1839 1103 expensis
1862 1063 1950 1095 circa
1969 1073 2020 1096 re-

196 1119 407 1160 parationem
433 1119 576 1152 ecclesie
601 1120 752 1160 predicte
778 1121 876 1152 etiam
904 1130 964 1162 pro
989 1124 1138 1163 tempore
1164 1122 1330 1155 faciendis
1356 1132 1416 1155 nec
1442 1132 1507 1155 non
1533 1124 1633 1155 etiam
1652 1133 1712 1165 pro
1730 1124 1911 1166 tranquillo
1929 1127 2018 1158 statu

197 1189 313 1214 eorum
337 1190 377 1214 ac
403 1181 516 1214 federe
541 1183 724 1214 concordie
750 1183 834 1216 inter
857 1192 917 1215 eos
943 1193 1110 1223 mansure,
1147 1185 1292 1225 quedam
1318 1185 1382 1217 alie
1407 1186 1653 1218 conventiones
1678 1188 1709 1218 et
1734 1189 1832 1228 pacta
1867 1187 2019 1220 fecerunt

195 1245 228 1276 et
251 1243 397 1276 inierunt
419 1245 520 1276 etiam
546 1245 578 1276 in
604 1245 671 1276 vim
697 1245 880 1277 litterarum
906 1246 1134 1287 predictarum
1159 1248 1259 1279 certis
1284 1248 1382 1288 penis
1406 1250 1485 1280 tunc
1523 1249 1698 1289 expressis
1739 1249 1873 1288 vallata,
1910 1250 2020 1291 quod-

194 1313 261 1348 que
283 1307 481 1339 successive
506 1307 586 1339 certi
612 1306 765 1340 Abbates
790 1308 870 1340 dicti
897 1309 1092 1341 monasterii
1119 1310 1176 1350 qui
1203 1319 1264 1351 pro
1289 1312 1440 1351 tempore
1466 1310 1599 1342 fuerunt
1624 1319 1685 1344 ηερ
1718 1320 1785 1343 ηοη
1822 1312 2016 1344 huiusmodi

193 1370 383 1401 conventus
408 1369 575 1410 quasdam
600 1371 844 1411 possessiones
869 1371 948 1403 dicti
975 1372 1168 1404 monasterii
1194 1374 1226 1404 et
1251 1381 1357 1413 prope
1383 1372 1464 1404 illud
1490 1373 1718 1405 consistentes
1754 1373 1883 1406 eisdem
1910 1373 2016 1406 Priori

194 1431 227 1463 et
251 1429 425 1464 Fratribus
449 1431 573 1464 domus
598 1432 748 1473 predicte
762 1442 824 1474 pro
842 1433 1049 1466 habitatione
1068 1434 1218 1475 ipsorum
1237 1443 1343 1475 penes
1361 1435 1484 1467 dictam
1501 1434 1680 1467 ecclesiam
1698 1436 1763 1467 sub
1781 1444 1894 1468 annuo
1912 1445 2015 1469 censu

193 1493 227 1525 in
251 1493 500 1535 emphyteosim
526 1497 768 1527 concesserunt
793 1504 854 1528 seu
880 1496 912 1527 in
938 1505 997 1528 eos
1024 1497 1229 1529 venditionis
1255 1506 1359 1529 causa
1384 1506 1444 1529 seu
1471 1497 1566 1529 aliter
1601 1497 1852 1537 transtulerunt,
1882 1499 2016 1540 ipsique

194 1553 291 1587 Prior
314 1557 347 1588 et
372 1555 504 1588 Fratres
521 1556 645 1589 domus
663 1557 830 1589 eiusmodi
856 1559 888 1590 et
906 1558 1099 1590 huiusmodi
1119 1559 1371 1599 possessiones,
1399 1559 1515 1601 vigore
1543 1560 1778 1592 concessionis
1796 1568 1855 1592 seu
1874 1560 2018 1594 transla-

193 1617 296 1650 tionis
321 1617 559 1659 predictarum,
574 1627 616 1651 ex
641 1621 721 1652 tunc
747 1620 967 1660 possiderunt
991 1622 1023 1653 et
1048 1621 1237 1662 possident,
1262 1623 1295 1653 et
1319 1622 1411 1662 quod
1437 1624 1557 1662 postea
1575 1621 1720 1654 dilectus
1734 1622 1824 1654 filius
1838 1621 2017 1655 Dionisius

193 1680 303 1713 abbas
328 1681 409 1714 dicti
435 1682 630 1714 monasterii
655 1691 717 1715 nec
743 1691 810 1715 non
836 1683 976 1724 predicti
1002 1686 1190 1716 conventus
1216 1684 1327 1716 minus
1353 1685 1516 1716 veraciter
1544 1685 1783 1726 pretendentes
1820 1685 1911 1726 quod
1950 1686 2014 1727 ipsi

193 1741 290 1775 Prior
313 1744 346 1776 et
369 1742 502 1777 Fratres
526 1744 649 1777 domus
674 1745 828 1778 eiusdem
853 1746 949 1787 ipsos
974 1744 1165 1778 Dionisium
1192 1745 1358 1778 Abbatem
1384 1748 1415 1779 et
1440 1745 1654 1779 Conventum
1695 1747 1901 1788 quibusdam
1939 1757 2017 1789 por-

193 1805 345 1839 tionibus
370 1807 583 1848 quorundam
609 1807 811 1840 funeralium
837 1809 869 1840 et
893 1808 1103 1841 oblationum
1130 1818 1190 1841 nec
1217 1818 1282 1841 non
1309 1809 1498 1841 relictorum
1535 1811 1615 1842 tunc
1655 1818 1909 1851 expressorum,
1946 1820 2012 1852 que

194 1867 280 1910 ipsis
305 1867 462 1902 Dionisio
487 1868 612 1902 Abbati
638 1871 670 1902 et
694 1868 886 1903 Conventui
920 1871 1046 1903 ratione
1082 1871 1277 1909 huiusmodi
1315 1871 1459 1904 ecclesie
1484 1880 1523 1906 ac
1547 1872 1645 1904 etiam
1683 1872 1946 1904 conventionum
1984 1875 2015 1905 et

193 1932 370 1972 pactorum
395 1931 619 1971 debebantur,
645 1932 792 1965 indebite
818 1933 1035 1974 spoliassent,
1061 1942 1100 1966 ac
1126 1933 1225 1966 etiam
1263 1934 1457 1966 huiusmodi
1487 1943 1626 1966 censum
1664 1943 1723 1975 per
1758 1936 1868 1967 certos
1905 1944 2014 1968 annos

191 1994 272 2026 tunc
297 1994 476 2035 preteritos
502 1995 587 2036 ipsis
613 1994 737 2027 Abbati
763 1997 795 2027 et
820 1993 1012 2028 Conventui
1039 2005 1104 2028 non
1131 1995 1317 2028 solvissent
1335 1998 1366 2028 et
1384 1998 1563 2037 propterea
1580 1997 1690 2029 dictas
1705 1997 1946 2038 possessiones
1970 1998 2013 2030 ad

192 2055 304 2097 ipsum
330 2057 570 2089 monasterium
596 2057 776 2090 devolutas
802 2058 948 2090 existere
974 2067 1013 2090 ac
1040 2058 1135 2099 ipsos
1161 2057 1309 2091 Priorem
1335 2060 1367 2091 et
1392 2058 1525 2091 Fratres
1549 2059 1672 2091 domus
1697 2059 1826 2100 prefate
1853 2060 2014 2092 nonnulla

193 2117 293 2158 bona,
318 2119 390 2152 iura
414 2121 446 2152 et
471 2128 525 2152 res
550 2120 592 2152 ad
619 2120 731 2161 ipsum
758 2120 1000 2152 monasterium
1025 2121 1214 2161 spectantia
1240 2121 1392 2153 similiter
1416 2123 1495 2153 tunc
1521 2130 1698 2162 expressa,
1716 2124 1832 2154 contra
1850 2122 2011 2154 iustitiam

192 2180 381 2214 detinuisse
406 2183 438 2214 et
463 2182 612 2214 detinere
637 2191 677 2214 ac
702 2183 840 2215 eosdem
867 2181 1015 2215 Priorem
1041 2185 1073 2215 et
1098 2183 1216 2216 fratres
1241 2183 1364 2216 domus
1390 2184 1595 2222 huiusmodi,
1610 2186 1725 2216 contra
1751 2184 1933 2216 litterarum
1952 2193 2012 2216 nec

191 2251 258 2276 non
284 2245 545 2276 conventionum
570 2246 602 2277 et
626 2246 801 2285 pactorum
839 2245 1065 2286 predictorum
1102 2245 1254 2284 formam,
1280 2245 1506 2287 multipliciter
1542 2246 1638 2287 ipsos
1674 2245 1840 2278 Abbatem
1866 2248 1897 2278 et
1922 2244 2014 2279 Con-

191 2307 328 2338 ventum
365 2306 566 2339 molestasse
591 2316 630 2339 ac
657 2307 847 2346 molestare,
872 2309 904 2340 et
929 2309 1108 2348 propterea
1133 2307 1232 2340 etiam
1258 2308 1396 2340 eosdem
1423 2307 1572 2340 Priorem
1590 2309 1622 2340 et
1640 2307 1772 2340 Fratres
1797 2308 1919 2340 domus
1938 2318 2014 2349 pre—

190 2368 279 2401 dicte
305 2378 404 2401 omne
430 2370 494 2408 ius,
519 2370 612 2411 quod
638 2370 687 2402 eis
714 2370 830 2412 vigore
857 2370 1038 2402 litterarum
1065 2379 1126 2403 nec
1151 2379 1217 2402 non
1243 2371 1507 2403 conventionum
1532 2372 1564 2403 et
1589 2372 1764 2412 pactorum
1783 2372 2011 2412 predictorum

191 2431 224 2463 in
249 2431 335 2473 ipsis
353 2432 618 2473 posessionibus
644 2441 704 2465 seu
729 2432 771 2465 ad
791 2432 866 2465 illas
892 2433 1075 2474 competiit,
1101 2433 1270 2472 amisisse,
1295 2442 1334 2465 ac
1359 2434 1412 2465 ius
1438 2433 1648 2475 ingrediendi
1674 2433 1796 2466 dictam
1831 2434 2009 2466 ecclesiam

189 2503 249 2536 per
266 2496 397 2535 portam
422 2495 607 2536 predictam
633 2497 665 2528 et
691 2504 765 2527 eam
791 2495 963 2537 aperiendi
989 2497 1021 2528 et
1047 2495 1226 2528 claudendi
1252 2496 1294 2528 ad
1321 2496 1460 2528 eosdem
1486 2495 1653 2528 Abbatem
1679 2498 1711 2528 et
1737 2494 1950 2529 Conventum
1980 2499 2011 2529 et

191 2565 258 2589 non
275 2557 317 2590 ad
344 2557 439 2598 ipsos
465 2556 613 2590 Priorem
639 2559 672 2590 et
696 2557 829 2590 Fratres
866 2558 954 2590 dicte
991 2558 1114 2591 domus
1139 2558 1315 2600 pertinere,
1345 2567 1448 2599 super
1474 2558 1536 2590 hoc
1563 2559 1711 2600 petendo
1736 2559 1870 2591 decerni
1896 2561 1928 2591 et
1953 2559 2012 2591 de-

189 2618 308 2652 clarari
339 2620 510 2661 predictas
547 2621 788 2661 possessiones
824 2620 867 2652 ad
905 2620 993 2653 idem
1031 2621 1270 2653 monasterium
1296 2620 1476 2653 devolutas
1501 2620 1584 2659 iore,
1611 2621 1776 2662 ipsosque
1803 2619 1951 2653 Priorem
1978 2623 2010 2654 et

190 2679 322 2714 Fratres
347 2682 497 2723 predicte
533 2682 657 2715 domus
682 2684 797 2715 contra
822 2682 960 2722 litteras,
986 2683 1230 2715 conventiones
1255 2685 1287 2715 et
1312 2684 1410 2724 pacta
1437 2683 1631 2715 huiusmodi
1657 2685 1781 2715 temere
1808 2684 1944 2716 venisse
1970 2692 2009 2716 ac

190 2742 314 2776 fecisse
340 2746 372 2777 et
401 2744 454 2777 ius
483 2744 664 2777 claudendi
689 2746 722 2777 et
746 2745 920 2786 aperiendi
958 2747 1088 2786 portam
1123 2745 1316 2777 huiusmodi
1343 2747 1375 2777 et
1399 2746 1499 2778 etiam
1536 2739 1717 2778 ecclesiam
1755 2745 1940 2786 predictam
1965 2745 2008 2778 ad

190 2806 330 2840 eosdem
359 2806 527 2840 Abbatem
545 2809 577 2840 et
602 2810 806 2840 conventum
832 2807 1008 2840 dumtaxat
1033 2810 1064 2840 et
1089 2817 1156 2840 non
1174 2808 1216 2840 ad
1235 2808 1331 2849 ipsos
1349 2807 1497 2840 Priorem
1521 2810 1552 2840 et
1570 2807 1701 2840 Fratres
1718 2808 1840 2840 domus
1859 2808 2009 2849 predicte

190 2869 368 2910 pertinere,
405 2871 439 2902 ut
463 2869 637 2911 prefertur,
663 2869 798 2910 sibique
823 2869 905 2901 illud
931 2870 1129 2909 adiudicari,
1154 2871 1186 2902 et
1211 2878 1315 2911 super
1331 2879 1372 2902 eo
1389 2879 1428 2902 ac
1453 2870 1539 2911 ipsis
1564 2869 1860 2902 molestationibus
1877 2870 2007 2903 eisdem

190 2929 296 2964 Priori
321 2933 353 2964 et
370 2931 530 2964 fratribus
556 2932 678 2964 domus
703 2932 853 2973 predicte
879 2934 1078 2973 perpetuum
1104 2932 1272 2964 silentium
1299 2932 1426 2973 imponi
1452 2941 1513 2965 nec
1546 2941 1612 2964 non
1638 2932 1775 2964 eosdem
1801 2931 1950 2964 Priorem
1977 2934 2008 2964 et

188 2993 308 3027 fratres
342 2994 492 3036 predicte
517 2994 641 3027 domus
665 2994 708 3026 ad
734 2994 936 3027 solvendum
962 2995 993 3026 et
1018 2994 1261 3026 restituendum
1279 2994 1407 3027 eisdem
1426 2993 1550 3027 Abbati
1568 2996 1599 3026 et
1617 2994 1799 3027 conventui
1814 2994 2005 3027 subtractas

189 3056 364 3097 portiones
381 3056 530 3098 prefatas
546 3056 758 3096 funeralium,
786 3056 995 3089 oblationum
1014 3058 1046 3089 et
1064 3056 1252 3089 relictorum
1278 3056 1481 3098 prefatorum
1507 3065 1619 3090 coram
1638 3056 1821 3090 venerabili
1839 3057 1928 3089 tratri
1948 3066 2008 3089 ηο-

189 3119 261 3151 stro
284 3116 455 3152 Guilelmo
472 3119 638 3161 episcopo
666 3119 832 3161 papiense
861 3120 1101 3152 conservatore
1126 3119 1253 3152 eisdem
1283 3118 1407 3152 Abbati
1425 3121 1458 3152 et
1475 3119 1656 3152 conventui
1682 3121 1797 3152 contra
1824 3119 2006 3152 inferentes
