2496 3600
533 226 597 263 1³6

1318 455 1535 507 LXXV'.
2318 503 2330 520 ι
2387 479 2419 525 -ςῑῇ

614 573 861 604 Transazione
895 583 959 612 per
994 573 1113 604 l'utiie
1150 574 1308 604 dominio
1333 574 1370 605 di
1393 561 1524 605 alcuni
1555 583 1640 606 case
1665 575 1701 606 in
1724 575 1839 607 Pavia
1863 577 1900 608 di
1924 578 2105 617 propr-ieta
2140 579 2235 618 degli
2259 579 2347 611 Ere·

522 635 648 666 mitani
672 636 709 666 di
734 636 770 666 s.
796 636 985 678 Agostino.
1482 629 1486 642 '
1616 639 1618 641 ’

1176 732 1334 766 1384,
1359 739 1584 767 mar209
1611 734 1692 761 18.

1073 820 1154 848 (Arch.
1169 821 1192 843 di
1207 820 1286 849 Staio.
1301 821 1393 844 Milano
1405 832 1432 837 —
1447 821 1555 850 Pergam.
1570 821 1594 845 dl
1608 821 1633 846 S.
1648 822 1782 851 Αιοιυιιο).

530 1030 532 1063 ;
581 1006 702 1122 A
762 1022 842 1051 ΝΝΟ
866 1027 885 1051 a
910 1018 1094 1052 Nativitate
1120 1018 1256 1052 Domini
1282 1019 1469 1053 Millesimo
1493 1020 1724 1055 tricentesimo
1738 1023 1974 1065 octuagesimo
1998 1026 2130 1065 quarto,
2155 1024 2343 1061 indictione

529 1069 531 1132 ᾖ
784 1081 940 1123 septima,
965 1081 1021 1114 die
1044 1081 1178 1114 decimo
1216 1084 1339 1116 octavo
1375 1084 1503 1117 mensis
1529 1084 1655 1124 marcii,
1690 1084 1777 1125 ¹hora
1816 1071 2006 1125 terciarum,
2031 1086 2064 1119 in
2089 1085 2208 1129 Papia,
2239 1084 2341 1124 vido-—

528 1144 531 1180 1
783 1143 861 1177 licet
886 1142 1047 1184 inCuria
1073 1142 1239 1178 Comunis
1278 1144 1395 1188 Papie.
1433 1145 1519 1180 Cum
1545 1146 1592 1179 lix
1617 1148 1651 1191 et
1674 1147 1810 1189 questio
1845 1149 1936 1181 mota
1972 1147 2072 1182 fuerit
2108 1157 2168 1191 per
2202 1146 2342 1192 Maphi-

511 1213 590 1237 num
630 1206 672 1238 de
708 1204 913 1240 Sclafenatis
952 1208 1125 1248 tamquam
1162 1210 1446 1249 procuratorem...
1482 1209 1619 1242 domine
1655 1208 1829 1252 Pasquine
1866 1210 1986 1244 uxoris
2021 1211 2194 1258 quondam
2233 1208 2338 1247 onim
2357 1231 2372 1259 3³:

510 1266 709 1307 Bochafoiii,
735 1268 894 1310 iacopino
918 1269 961 1302 de
986 1269 1204 1312 Fortunagho
1229 1270 1389 1311 furnario,
1419 1271 1489 1304 filio
1506 1272 1680 1314 quondam
1706 1270 1811 1307 Guilii
1835 1273 1879 1306 de
1904 1273 1976 1306 utili
2000 1273 2152 1307 dominio
2175 1267 2402 1310 certarum?

509 1330 687 1363 domorum
713 1332 900 1372 positarum
926 1332 958 1364 in
985 1331 1092 1374 Papia
1117 1332 1149 1365 in
1175 1335 1272 1375 porta
1308 1334 1416 1366 sancti
1442 1333 1613 1373 Iohannis,
1638 1334 1857 1376 invparochia
1882 1335 1989 1368 sancti
2015 1333 2214 1376 Giminiani,
2249 1343 2383 1380 quas

506 1393 628 1426 domos
654 1394 728 1436 ipse
754 1394 935 1436 lacopinus
959 1396 1050 1428 tenet
1074 1395 1117 1428 ad
1142 1395 1256 1428 fictum
1281 1405 1301 1429 a
1326 1394 1507 1430 Conventu
1532 1397 1607 1430 sive
1632 1396 1805 1431 Fratribus
1830 1396 2031 1445 Conventus
2055 1397 2207 1432 Fratrum
2233 1392 2384 1449 Here-

507 1456 662 1489 mitarum
688 1457 795 1490 sancti
821 1457 1003 1500 Augustini
1029 1458 1178 1491 civitatis
1203 1457 1320 1500 Papie‚
1345 1459 1388 1492 ad
1414 1459 1617 1492 solvendum
1643 1460 1734 1492 omni
1759 1469 1882 1493 anno...
1919 1461 2006 1503 ipsis
2042 1460 2250 1496 Fratribus...
2273 1447 2371 1499 Ωὼἷῗζ

506 1527 606 1551 renos
631 1519 826 1560 quindecim
853 1520 931 1552 boni
957 1521 1063 1553 auri...
1089 1522 1120 1553 et
1146 1521 1211 1553 iata
1236 1521 1336 1554 fuerit
1361 1522 1534 1555 sentencia
1551 1522 1594 1555 de
1611 1522 1704 1555 dicto
1728 1522 1799 1555 utili
1818 1522 1969 1556 dominio
1985 1525 2102 1556 contra
2118 1525 2151 1557 et
2166 1523 2375 1564 adversus

504 1581 631 1614 dictum
657 1581 852 1623 Iacopinum
878 1583 910 1615 in
936 1583 1087 1616 favorem
1112 1584 1193 1616 dicti
1218 1583 1412 1626 Maphini...
1433 1583 1478 1620 ‚Et
1502 1584 1676 1626 Andrinus
1699 1585 1792 1618 dela
1809 1583 1968 1619 Cadrona
1984 1586 2164 1628 tamquam
2181 1585 2336 1623 sindicus

504 1645 536 1676 et
552 1646 759 1693 procurator
782 1645 948 1678 dictorum
966 1645 1150 1678 Fratrum...
1169 1646 1262 1679 vellit
1286 1640 1479 1688 appellare:
1497 1634 1778 1680 Idcirchodictus
1796 1647 2009 1690 iacopinus...
2027 1648 2189 1690 promixit
2203 1648 2238 1683 et
2252 1657 2338 1685 conae

445 1717 448 1721 ·
505 1707 596 1739 venit
621 1708 854 1749 suprascripto
879 1707 1063 1748 Andrino.,.
1090 1708 1182 1750 quod
1208 1710 1236 1742 si
1261 1709 1304 1742 de
1329 1710 1442 1742 cetero
1465 1710 1582 1751 aliquo
1606 1712 1757 1752 tempore
1782 1710 1983 1753 contingerit
2007 1711 2120 1753 ipsum
2138 1697 2378 1759 {aedwinum}

504 1778 604 1810 agere
630 1770 672 1802 de
697 1770 863 1803 evictione
887 1770 930 1803 de
954 1770 1046 1803 dicto
1072 1771 1143 1804 utili
1169 1771 1354 1811 dominio..‚
1379 1772 1550 1815 exigendo
1575 1772 1760 1814 dampnum
1787 1773 1897 1815 ipsius
1933 1772 2026 1806 utilis
2061 1773 2214 1814 dominii,
2237 1773 2331 1817 quod

505 1831 578 1872 ipse
604 1831 784 1873 iacopinus
809 1841 916 1873 pravo
940 1834 1017 1874 aget
1042 1835 1073 1866 et
1098 1835 1200 1875 petet,
1225 1835 1288 1867 etc.
2333 1844 2337 1846 “
2359 1822 2376 1837 Ἰ

591 1893 668 1926 Not.
694 1893 871 1936 RogIerius
896 1894 1086 1937 Bottigella.

1293 2153 1537 2194 LXXVI.

2283 2205 2286 2207 Α
2341 2186 2368 2217 ἃ]

588 2260 835 2297 Disposizioni
870 2262 1140 2291 testamentarie
1165 2262 1201 2292 di
1226 2263 1388 2293 Reeossa
1423 2263 1559 2293 Danesi
1590 2263 1754 2301 Maglioli
1779 2263 1815 2293 di
1840 2263 2012 2293 Nazzano
2037 2272 2058 2293 a
2082 2263 2207 2294 favore
2231 2255 2360 2302 degli

502 2322 700 2352 Eremitani
725 2323 761 2353 di
786 2323 823 2353 S.
849 2324 1038 2361 Agostino.

1145 2421 1301 2454 1384,
1330 2422 1571 2455 ottobre9
1599 2422 1679 2448 18.

1055 2508 1134 2534 (Areh.
1150 2509 1172 2531 di
1188 2509 1264 2537 Staio,
1280 2510 1369 2532 Mi1ano
1386 2521 1410 2525 —
1425 2510 1532 2538 Pergam.
1548 2510 1571 2533 di
1586 2510 1611 2533 St
1626 2510 1759 2538 Agosnno).

510 2672 513 2803 l
598 2692 650 2811 Ι

745 2713 770 2740 Ν
795 2706 917 2741 Castro
942 2707 1070 2741 Nazani
1096 2709 1128 2740 in
1154 2706 1331 2741 Caminata
1356 2708 1500 2741 ecclesie
1526 2709 1634 2742 sancti
1660 2708 1820 2742 Iohannis
1844 2709 1887 2742 de
1912 2708 2060 2742 Nazano.
2085 2707 2234 2742 Domina
2257 2704 2285 2750 [ξ

765 2779 867 2804 cossa
906 2771 974 2803 filia
1014 2771 1186 2812 quondam
1226 2771 1353 2803 domini
1395 2770 1565 2804 Francisci
1601 2771 1643 2804 de
1678 2764 1845 2807 D'anexiis
1880 2771 1923 2804 de
1954 2770 2155 2804 Alixandria
2178 2773 2211 2804 et
2235 2779 2282 2805 ux

702 2826 738 2872 W]
765 2834 937 2875 quondam
963 2833 1134 2867 Francisci
1159 2834 1201 2866 de
1227 2834 1401 2873 Maliollis,
1426 2834 1578 2867 condens
1603 2836 1842 2867 testamentum
1871 2843 1970 2867 suum
2002 2844 2016 2857 «
2041 2833 2166 2876 legavit
2190 2835 2222 2867 et
2248 2832 2263 2867 ῖ

498 2896 596 2937 legati
622 2896 779 2938 relinquit
804 2896 987 2929 conventui
1012 2896 1149 2929 fratrum
1176 2896 1411 2929 heremitarum
1436 2890 1576 2929 Ordinis
1601 2895 1715 2930 Sancti
1729 2895 1909 2939 Augustini
1935 2895 1977 2929 de
2002 2895 2108 2938 Papia
2126 2905 2187 2938 pro
2204 2896 2288 2947 miss

497 2959 529 2989 et
553 2958 679 2990 divinis
704 2958 828 2991 officiis
853 2958 1091 2998 cellebrandis,
1117 2967 1178 3000 pro
1203 2958 1357 2991 mercede
1383 2967 1444 2991 sue
1468 2959 1590 2998 anime,
1616 2958 1720 2991 libras
1743 2958 1861 2991 decem
1884 2953 2071 3000 papienses
2095 2973 2124 2990 ».
2270 2950 2279 2955 ”

586 3020 735 3052 Nomio:
762 3020 909 3052 lulianus
934 3021 976 3053 de
1001 3020 1182 3053 Toredano
1206 3021 1378 3062 quondam
1404 3019 1444 3053 D.
1470 3019 1636 3054 Ansermi.
