2496 3600
434 253 500 286 220

434 384 613 420 Conventu
633 384 698 418 lata
716 384 882 417 sententia
900 391 959 424 per
977 380 1202 414 venerabilem
1228 378 1362 411 fratrem
1389 378 1540 409 nostrum
1567 373 1772 408 Gulielmum
1812 374 2015 417 episcopum
2047 373 2252 417 Papiensem

434 447 693 490 subdelegatum
719 455 738 479 a
763 445 944 478 venerabili
982 443 1081 476 tratre
1119 444 1234 474 nostro
1271 439 1371 473 Petro
1407 439 1573 480 episcopo
1606 436 1819 470 Novariense
1844 434 2096 470 Conservatore
2120 445 2140 470 a
2164 435 2254 471 Sede

436 509 623 552 apostolica
660 508 761 541 dictis
786 506 908 539 Abbati
946 507 978 538 et
1014 504 1188 538 canonicis
1224 503 1396 544 deputato,
1421 509 1498 534 cum
1538 500 1706 542 potestate
1742 498 1974 542 cognoscendi
2011 499 2193 533 summarie
2221 501 2256 533 et

437 573 479 605 de
504 572 607 614 plano
623 580 662 604 ac
687 570 759 603 sine
786 569 926 610 strepitu
952 569 983 600 et
1008 567 1115 609 figura
1141 565 1254 598 iudicii
1281 565 1323 597 de
1348 564 1400 596 liis
1426 571 1493 605 que
1519 562 1711 595 iudicialem
1736 561 1964 605 cognitionem
1989 562 2175 605 exigerent,
2193 570 2255 604 per

437 643 537 676 quam
563 633 761 666 sententiam
789 632 872 663 inter
896 630 961 662 alia
986 628 1216 671 pronuntiavit
1241 626 1390 659 Priorem
1415 627 1449 659 et
1473 625 1594 668 fratres
1610 633 1650 658 ac
1674 626 1879 657 conventum
1904 624 2078 667 predictos
2101 625 2205 662 teneri
2222 626 2256 658 et

437 697 606 738 obligatos
631 703 708 727 esse
733 693 775 726 ad
801 691 1075 725 observationem
1105 691 1280 732 pactorum
1306 691 1339 722 et
1363 689 1638 728 conventionum,
1655 688 1698 721 de
1722 687 1851 730 quibus
1874 696 1979 730 supra
2002 687 2040 720 fit
2063 687 2200 727 mentio,
2223 689 2256 720 et
2285 732 2289 735 ι

437 759 479 791 ad
505 757 775 790 observationem
802 755 1034 787 contentorum
1061 753 1092 784 in
1119 752 1223 785 literis
1248 751 1465 793 apostolicis;
1491 750 1723 793 pronuntiavit
1748 750 1888 793 insuper
1911 758 1951 783 ac
1976 749 2162 783 declaravit
2186 749 2258 783 dic-

439 823 504 853 tam
530 819 708 852 ecclesiam
734 826 809 850 cum
828 816 986 848 omnibus
1011 815 1084 847 suis
1120 814 1250 847 iuribus
1275 815 1307 846 et
1333 813 1544 855 pertinentiis
1569 812 1671 855 pleno
1696 813 1767 846 iure
1790 814 1945 854 spectare
1968 814 2000 845 et
2025 812 2190 854 pertinere
2213 811 2256 845 ad

438 883 548 914 dictos
567 880 743 918 Abbatem,
761 877 956 911 Canonicos
973 879 1004 910 et
1022 878 1237 914 conventum,
1255 877 1287 908 et
1305 875 1455 917 prefatos
1476 873 1638 914 Priorem,
1655 874 1774 908 fratres
1791 876 1824 908 et
1839 876 2044 908 conventum
2062 874 2095 907 in
2111 873 2259 908 ecclesia

440 937 519 985 ipsa‘
540 943 665 975 nullum
692 942 744 973 ius
770 940 905 978 habere,
924 940 987 972 nisi
1014 939 1045 971 in
1072 940 1235 980 quantum
1276 938 1341 970 sibi
1367 945 1570 971 concessum
1588 938 1640 970 est
1657 938 1690 970 et
1707 937 1908 979 exprimitur
1929 937 1961 969 in
1986 936 2092 970 literis
2115 936 2259 978 predicti

440 1005 693 1048 predecessoris
711 1003 826 1036 nostri.
846 1001 1080 1034 Pronuntiavit
1098 1001 1197 1034 etiam
1215 1001 1413 1033 cimiterium
1431 1000 1524 1042 quod
1538 1001 1590 1033 est
1606 1002 1684 1033 ante
1707 999 1828 1033 faciem
1846 999 1934 1032 dicte
1947 998 2092 1032 ecclesie
2105 1000 2259 1041 spectare

439 1071 471 1101 et
496 1068 660 1109 pertinere
686 1066 786 1107 pleno
820 1066 889 1097 iure
915 1065 957 1097 ad
983 1065 1094 1097 dictos
1119 1063 1286 1096 Abbatem
1312 1066 1343 1096 et
1368 1063 1553 1096 canonicos
1577 1064 1610 1095 et
1634 1064 1849 1096 conventum.
1886 1061 2122 1095 Pronuntiavit
2157 1061 2258 1095 etiam

439 1131 565 1163 dictum
591 1129 757 1162 Abbatem
795 1128 918 1160 habere
942 1127 1067 1159 debere
1093 1127 1125 1158 in
1150 1127 1241 1159 dicta
1273 1126 1418 1159 ecclesia
1454 1126 1597 1167 primam
1633 1125 1751 1158 sedem
1789 1125 1883 1158 iuxta
1919 1124 2060 1158 formam
2095 1124 2261 1158 dictarum

440 1193 620 1225 litterarum
657 1191 736 1223 dicti
775 1190 1026 1232 predecessoris
1052 1191 1084 1222 et
1109 1189 1274 1221 dictorum
1312 1190 1487 1230 pactorum
1513 1189 1546 1220 et
1570 1188 1846 1227 conventionum,
1870 1189 1903 1220 et
1928 1187 2025 1230 plura
2057 1184 2124 1220 alia
2148 1186 2262 1220 dictus

440 1254 684 1296 subdelegatus
709 1252 949 1295 pronuntiavit.
972 1251 999 1284 A
1017 1260 1084 1293 qua
1109 1251 1277 1284 sententia
1302 1260 1363 1292 pro
1388 1252 1482 1292 parte
1507 1250 1674 1283 dictorum
1699 1249 1837 1290 Prioris,
1853 1249 1991 1283 fratrum
2017 1251 2050 1283 et
2073 1250 2265 1291 conventus

440 1318 482 1350 ad
508 1317 624 1350 sedern
643 1315 875 1357 Apostolicam
901 1314 1012 1347 extitit
1035 1314 1242 1356 appellatum
1261 1315 1293 1346 et
1318 1322 1422 1346 causa
1446 1303 1687 1355 appellationis
1711 1313 1822 1346 extitit
1845 1313 2030 1347 commissa
2045 1311 2170 1345 dilecto
2191 1310 2264 1345 nlio

441 1382 557 1412 nostro
582 1377 745 1412 Cosmato
781 1377 866 1410 tituli
903 1379 1020 1410 sancte
1046 1375 1168 1410 Crucis
1193 1377 1225 1409 in
1263 1376 1473 1409 Hierusalem
1509 1376 1700 1418 presbitero
1736 1376 1911 1416 cardinali,
1936 1376 1968 1409 in
2004 1384 2105 1418 quem
2141 1376 2264 1418 postea

443 1444 584 1483 utraque
621 1440 765 1482 partium
802 1439 1028 1481 predictarum
1065 1439 1108 1472 ad
1134 1439 1341 1481 parcendum
1379 1438 1555 1472 laboribus
1579 1440 1612 1472 et
1636 1439 1802 1480 expensis
1836 1440 2008 1480 tamquam
2044 1437 2206 1471 arbitrum
2230 1438 2282 1471 et

442 1505 672 1537 arbitratorem
688 1502 950 1544 compromissit,
965 1502 1021 1543 qui
1040 1502 1164 1534 dictam
1183 1502 1384 1534 sententiam
1399 1502 1513 1543 quoad
1532 1510 1582 1542 ea,
1596 1511 1663 1544 que
1676 1510 1780 1543 supra
1794 1501 1981 1543 spetialiter
1994 1503 2072 1534 sunt
2085 1508 2264 1543 expressa,

442 1566 671 1605 confirmavit;
696 1568 727 1598 et
752 1565 866 1606 quoad
895 1564 1059 1597 funeralia
1083 1567 1115 1597 et
1140 1564 1286 1606 quedam
1311 1564 1378 1597 alia
1418 1565 1592 1598 revocavit
1616 1566 1650 1597 et
1674 1564 1878 1604 reformavit,
1904 1565 2004 1606 prout
2028 1564 2061 1596 in
2086 1562 2287 1597 sententiis*

445 1628 638 1661 huiusmodi
664 1630 696 1660 et
722 1627 953 1660 instrumentis
978 1627 1126 1668 publicis
1152 1627 1213 1660 hec
1230 1629 1263 1660 et
1283 1627 1349 1659 alia
1374 1627 1538 1660 seriosius
1563 1627 1794 1660 continentur:
1820 1635 1963 1668 quarum
1987 1626 2088 1659 etiarn
2113 1627 2264 1659 tenorem

443 1691 558 1724 haberi
594 1691 753 1723 volumus
778 1699 819 1722 ex
846 1690 963 1722 eadem
1001 1690 1143 1722 scientia
1167 1699 1230 1732 pro
1255 1690 1463 1723 sufficienter
1497 1690 1685 1732 expressis.
1711 1689 1752 1722 Et
1775 1687 1856 1732 quia
1880 1698 1924 1722 ex
1949 1698 1991 1722 eo
2015 1689 2109 1731 quod
2133 1688 2288 1731 prefata·

443 1754 587 1787 ecclesia
612 1754 643 1785 in
669 1763 736 1795 qua
761 1762 887 1794 corpus
912 1753 1064 1785 eiusdem
1090 1753 1198 1786 sancti
1218 1753 1399 1795 Augustini
1424 1753 1662 1786 venerabiliter
1686 1753 1880 1795 requiescit,
1898 1753 2050 1795 ipsorum
2074 1752 2211 1786 abbatis
2233 1753 2289 1786 er·

444 1817 694 1855 canonicorum,
720 1825 849 1848 necnon
876 1815 1002 1848 Prioris
1027 1818 1058 1848 et
1083 1815 1221 1848 fratrum
1247 1816 1361 1857 quoad
1387 1825 1486 1849 usum
1512 1816 1607 1849 iuxta
1630 1815 1772 1849 formam
1797 1816 1962 1849 dictarum
1988 1815 2158 1848 literarum
2182 1819 2269 1857 apo-

444 1879 636 1912 stolicarum
663 1879 817 1911 comunis
834 1880 894 1916 est,
914 1880 945 1911 et
971 1887 1030 1919 per
1047 1879 1142 1920 ipsos
1167 1880 1297 1912 tenetur
1314 1888 1376 1921 pro
1401 1879 1559 1918 indivisa,
1577 1887 1616 1911 ac
1633 1879 1732 1912 etiam
1754 1887 1858 1920 super
1882 1878 2093 1912 funeralibus
2117 1879 2149 1911 et
2172 1877 2285 1911 obla-¹

443 1943 594 1974 tionibus
631 1950 872 1983 nonnunquam
911 1941 1141 1974 controversie
1182 1941 1346 1974 hactenus
1381 1942 1517 1975 fuerunt
1551 1944 1669 1975 exorte
1694 1943 1727 1975 et
1758 1941 1825 1975 alia
1853 1941 2176 1980 inconvenientium,
2201 1939 2291 1974 nisi*

445 2013 548 2046 super
572 2005 636 2036 hoc
660 2013 720 2045 per
745 2004 860 2036 sedem
879 2002 1111 2045 Apostolicam
1134 2004 1176 2036 de
1194 2013 1346 2046 congruo
1370 2005 1519 2037 remedio
1544 2005 1774 2046 provideatur,
1791 2004 1824 2037 in
1849 2003 1998 2037 futurum
2015 2003 2150 2048 exoriri,
2166 2002 2270 2037 dictis

445 2067 622 2100 sententiis
647 2075 713 2098 non
737 2066 967 2106 obstantibus,
993 2066 1221 2099 verisimiliter
1243 2066 1452 2100 formidatur:

474 2117 476 2121 ’
533 2128 606 2162 Nos
632 2129 742 2170 igitur,
768 2129 825 2170 qui
852 2129 936 2161 inter
960 2131 1102 2162 cunctos
1127 2127 1362 2169 Christicolas,
1388 2131 1420 2163 et
1443 2131 1621 2172 presertim
1657 2130 1860 2172 regularium
1893 2130 2022 2163 ordinis
2054 2129 2270 2172 professores

446 2200 563 2233 pacem
589 2193 621 2224 et
645 2191 919 2232 tranquillitatem
946 2192 1060 2233 vigere
1086 2192 1228 2225 intensis
1253 2192 1434 2225 desideriis
1458 2193 1668 2233 affectamus,
1693 2194 1727 2226 et
1750 2202 1867 2226 eorum
1904 2192 2079 2226 scandalis
2114 2186 2291 2231 libenter,'‘

446 2255 607 2295 quantum
634 2263 710 2286 cum
736 2253 810 2286 Deo
835 2263 1032 2295 possumus,
1057 2255 1249 2294 obviamus,
1275 2263 1379 2296 super
1403 2256 1581 2297 premissis
1605 2257 1697 2288 motu
1723 2256 1862 2298 proprio
1885 2264 1953 2288 non
1978 2255 2021 2288 ad
2039 2255 2184 2288 alicuius
2207 2263 2272 2288 no·
2291 2259 2298 2271 '⁷

447 2317 501 2349 bis
525 2325 629 2358 super
653 2317 716 2349 hoc
741 2316 853 2349 oblate
878 2317 1052 2358 petitionis
1084 2318 1289 2357 instantiam,
1314 2318 1374 2351 sed
1400 2319 1443 2351 de
1468 2320 1584 2352 nostra
1609 2327 1700 2352 mera
1725 2318 1924 2352 liberalitate
1949 2318 2130 2351 salubriter
2153 2312 2292 2360 provi-⁵

446 2379 526 2412 dere
551 2378 715 2418 volentes,
740 2379 924 2420 predictam
957 2380 1136 2412 ecclesiam
1162 2389 1238 2413 curn
1263 2381 1347 2413 atrio
1372 2382 1404 2413 et
1427 2381 1504 2414 aliis
1539 2381 1752 2423 pertinentiis
1784 2382 1857 2415 suis
1881 2390 1942 2423 per
1965 2381 2114 2414 medium
2138 2381 2172 2414 in
2197 2380 2299 2414 lon·'

447 2441 598 2482 gitudine
634 2441 776 2473 ecclesie
801 2442 834 2473 et
869 2442 942 2474 atrii
980 2442 1186 2481 huiusmodi,
1211 2443 1410 2476 auctoritate
1446 2444 1638 2485 apostolica
1673 2445 1789 2477 tenore
1825 2444 2043 2486 presentium,
2068 2442 2298 2482 dividimus,²
2358 2439 2378 2469 ’ἰ

449 2503 626 2544 ipsamque
651 2511 694 2535 ex
720 2512 808 2535 nunc
834 2503 866 2535 in
892 2505 991 2536 antea
1026 2505 1201 2545 perpetuis
1226 2504 1348 2538 futuris
1384 2506 1596 2547 temporibus
1632 2506 1778 2539 divisam
1802 2505 1885 2545 fore,
1910 2506 2038 2539 censeri
2064 2507 2097 2538 et
2120 2505 2267 2547 reputari
2293 2508 2297 2517 '

449 2564 572 2597 debere
597 2565 811 2598 decernimus
836 2566 868 2598 et
893 2566 1105 2605 mandamus,
1131 2567 1163 2598 in
1191 2567 1279 2600 hunc
1316 2568 1454 2600 modum
1491 2568 1660 2608 videlicet,
1685 2568 1778 2610 quod
1803 2569 1968 2601 medietas
2000 2568 2090 2601 dicte
2114 2567 2270 2607 ecclesie,
2290 2571 2300 2583 ¹

449 2635 516 2667 que
541 2626 648 2659 tendit
673 2635 793 2659 versus
829 2627 1071 2661 habitationem
1107 2629 1274 2661 dictorum
1300 2629 1445 2662 Abbatis
1469 2632 1501 2663 et
1526 2631 1766 2664 canonicorum
1795 2639 1871 2663 cum
1897 2632 1991 2672 parte
2014 2630 2089 2663 atrii
2125 2630 2302 2672 predictis·

450 2689 559 2720 eidem
585 2689 753 2721 medietati
780 2690 812 2721 in
829 2689 915 2722 facie
940 2690 1049 2731 ipsius
1074 2691 1219 2724 ecclesie
1237 2692 1524 2733 correspondente
1541 2694 1574 2726 et
1597 2693 1675 2726 aliis
1698 2693 1909 2735 pertinentiis
1933 2693 2017 2733 suis,
2041 2693 2085 2726 ad
2102 2687 2301 2726 Abbatem·³

450 2753 482 2782 et
506 2751 690 2784 canonicos
723 2752 928 2792 huiusmodi,
953 2753 1010 2794 qui
1037 2762 1126 2786 nune
1151 2756 1230 2787 sunt
1255 2756 1287 2787 et
1311 2757 1409 2787 erunt
1433 2764 1495 2796 pro
1519 2757 1683 2797 tempore,
1708 2757 1874 2798 perpetuo
1909 2757 2064 2797 spectare
2099 2757 2270 2796 noscatur,
2298 2757 2302 2764 ’

452 2814 484 2844 et
509 2813 600 2853 quod
627 2813 724 2846 liceat
749 2814 835 2855 ipsis
859 2815 974 2847 abbati
993 2817 1025 2848 et
1042 2816 1215 2849 canonicis
1241 2817 1273 2848 in
1299 2817 1389 2850 dicta
1414 2826 1530 2850 eorum
1555 2818 1735 2852 medietate
1759 2818 1928 2851 fenestras
1945 2820 1978 2851 et
1994 2819 2082 2851 ostia
2107 2818 2275 2860 ampliare>

454 2882 514 2906 seu
540 2875 624 2907 alias
649 2877 883 2915 transmutare,
908 2879 966 2910 aut
990 2878 1032 2910 de
1058 2887 1149 2911 novo
1174 2878 1284 2912 facere
1309 2879 1379 2912 fieri
1398 2882 1431 2912 et
1455 2881 1497 2913 de
1522 2881 1598 2922 ipsa
1623 2881 1802 2914 medietate
1826 2881 1920 2914 iuxta
1945 2889 2061 2914 eorum
2086 2880 2273 2914 voluntatis
2321 2909 2326 2911 a

452 2935 625 2968 arbitrium
650 2937 831 2978 disponere
850 2941 881 2971 et
906 2939 1062 2972 ordinare
1086 2942 1187 2981 prout
1212 2941 1297 2982 ipsis
1314 2943 1347 2974 et
1363 2942 1440 2975 aliis
1465 2943 1624 2984 personis
1648 2943 1802 2976 eiusdem
1827 2943 1971 2976 ecclesie
1996 2943 2142 2983 devotis,
2156 2942 2271 2985 quoad

453 2998 603 3039 ipsorum
629 2997 772 3032 Abbatis
797 3002 829 3032 et
853 2999 1103 3034 Canonicorum
1129 3004 1343 3036 commodum
1369 3006 1402 3037 et
1426 3005 1613 3044 utilitatem,
1630 3014 1670 3038 ac
1693 3005 1783 3038 dicte
1808 3005 1950 3039 ecclesie
1975 3005 2132 3038 decorem
2157 3007 2189 3038 et
2213 3006 2276 3038 ho-

454 3061 616 3092 nestatem
641 3061 762 3093 melius
786 3062 955 3095 videbitur
979 3065 1158 3112 expedire:
1184 3065 1298 3099 Altera
1323 3076 1404 3099 vero
1429 3068 1594 3100 medietas
1618 3068 1761 3101 ecclesie
1778 3067 1954 3110 prelibate,
1982 3069 2126 3101 tendens
2150 3076 2274 3102 versus
2296 3078 2301 3081 ⁵

454 3122 694 3154 habitationem
720 3121 845 3155 Prioris
870 3126 902 3156 et
927 3125 1064 3158 fratrum
1090 3128 1329 3168 predictorum,
1344 3138 1420 3161 cum
1446 3132 1540 3171 parte
1565 3130 1638 3163 atrii
1666 3130 1859 3163 huiusmodi
1885 3130 1918 3162 in
1934 3130 2021 3164 facie
2038 3131 2182 3164 ecclesie
2199 3139 2275 3164 cor-
