2496 3600
1998 273 2061 306 109

232 390 432 453 ssehinonus
447 404 481 436 et
497 401 677 436 Thorellus
695 402 738 436 de
754 402 1000 436 Mediisbarbis
1013 402 1156 436 Tribuni
1174 402 1289 436 Plebis
1303 403 1451 445 predicte
1464 400 1526 444 (l),
1540 404 1634 445 prius
1648 404 1733 436 visis
1747 404 1877 437 iuribus
1891 406 1922 437 et
1941 406 2064 438 instru-

232 467 362 501 mentis
373 465 663 507 infrascriptorum
677 465 826 505 fratrum,
840 466 1091 507 impoxuerunt,
1108 466 1333 498 comisserunt
1345 467 1378 498 et
1391 466 1423 498 in
1438 465 1606 498 mandatis
1620 466 1785 498 dederunt
1797 468 1830 498 et
1842 467 1924 498 dant
1937 466 2062 499 Facino

215 515 431 567 *ffde‘Boscho
447 528 601 561 servitori
617 525 783 561 Comunis
808 527 924 570 Papie,
949 529 1118 570 quatenus
1135 537 1178 561 ex
1196 537 1311 561 eorum
1329 530 1433 570 parte,
1451 528 1684 570 imposicione,
1703 529 1907 561 comissione
1924 530 1956 561 et
1972 538 2067 561 man-

159 590 188 631 'j
198 601 200 603 “
240 591 332 632 utto,
347 592 380 624 et
394 590 438 624 ad
455 590 656 632 peticionem
674 589 799 625 Ruftini
817 580 1004 623 Barachani
1019 591 1151 633 syndici
1169 591 1201 624 et
1214 591 1452 632 procuratoris,
1466 591 1661 633 syndicario
1670 592 1703 623 et
1716 592 1946 632 procuratorio
1960 592 2068 623 nomi-

239 660 284 693 ne
298 651 508 692 Conventus,
522 651 670 694 Capituli
688 654 720 686 et
738 652 888 685 Fratrum
907 653 1150 686 Heremitarum
1168 652 1307 686 Ordinis
1324 651 1438 686 Sancti
1457 652 1638 695 Augustini
1660 653 1703 686 de
1725 652 1843 694 Papia,
1865 653 1968 685 vadat
1992 662 2067 685 cum

160 710 184 750 Ῐ.-
241 715 454 757 infrascripta
470 715 676 755 ambassata,
695 716 727 747 in
745 716 880 757 scriptis
897 715 1052 755 dimittat,
1070 716 1157 755 citet,
1176 717 1310 748 moneat
1323 717 1355 748 et
1373 716 1520 756 requirat
1536 714 1688 748 Ottinum
1705 715 1810 748 filium
1828 715 1999 756 quondam
2019 715 2070 748 lo-

158 820 171 823 „
196 767 198 771 ’
243 777 364 812 hannis
381 775 469 810 Petri
486 775 658 810 Bovatarii
672 778 705 810 et
721 777 893 810 dominam
911 777 1038 810 Bellam
1056 778 1130 810 eius
1148 779 1285 810 matrem
1300 779 1332 810 et
1345 787 1485 810 uxorem
1503 777 1675 819 quondam
1693 777 1772 810 dicti
1791 777 1950 810 Iohannis
1967 776 2068 817 Petri,

240 841 276 875 et
288 840 340 874 eis
356 841 388 873 et
411 839 550 872 cuilibet
573 840 724 881 ipsorum
742 840 832 872 dicat
848 841 880 872 et
897 841 1071 882 precipiat,
1097 841 1132 872 ut
1156 840 1221 873 sub
1246 849 1334 882 pena
1351 842 1383 873 et
1399 840 1489 872 bano
1507 840 1665 872 librarum
1683 841 1816 872 centum
1839 840 2070 882 papiensium,

164 894 192 954 ,g
242 902 329 937 iufra
351 903 428 935 octo
451 902 525 935 dies
549 902 704 944 proxime
728 903 900 942 venturos,
924 902 1070 935 debeant
1095 903 1160 944 ipsi
1185 904 1217 935 et
1241 903 1384 944 quilibet
1407 903 1558 944 ipsorum
1576 911 1688 935 coram
1713 903 1813 935 dictis
1830 903 1977 935 dominis
1995 902 2072 935 Tri-

230 956 344 999 'b'unis
368 964 538 1008 legiptime
562 973 766 1006 comparere,
791 965 820 997 si
846 965 1013 997 voluerint
1048 965 1249 998 contendere
1273 967 1305 998 et
1329 965 1474 1007 allegare
1510 965 1562 998 vel
1600 965 1632 997 in
1669 965 1784 1006 aliquo
1820 974 2004 1006 opponere,
2030 974 2071 998 ne

231 1027 355 1062 *dictus
378 1026 535 1062 Ruffinus
559 1027 650 1060 dicto
675 1027 820 1067 nomine,
845 1035 905 1060 seu
930 1028 1094 1069 syndicus
1130 1027 1295 1060 dictorum
1331 1027 1480 1067 fratrum,
1517 1026 1716 1060 Conventus
1741 1029 1772 1060 et
1797 1025 1956 1069 Capituli,
1981 1027 2072 1060 dicto

158 1076 191 1109 ³³³
242 1090 388 1130 nomine,
413 1091 557 1132 ponatur
581 1091 613 1122 et
637 1089 867 1122 introducatur
891 1090 922 1122 et
947 1090 1080 1131 positus
1105 1091 1136 1122 et
1161 1090 1371 1122 introductus
1396 1091 1651 1122 manuteneatur
1675 1091 1707 1122 et
1730 1090 1942 1122 deffendatur
1966 1090 1998 1122 in
2023 1091 2073 1122 te-

246 1153 360 1187 nutam
385 1153 417 1185 et
440 1152 648 1194 corporalem
673 1152 928 1193 possessionem
955 1152 1055 1184 unius
1080 1151 1202 1184 domus
1227 1153 1355 1184 murate
1380 1153 1412 1185 et
1436 1153 1566 1193 copate,
1591 1152 1702 1193 posite
1727 1153 1759 1184 in
1785 1151 1903 1193 Papia,
1921 1152 1953 1184 in
1971 1151 2072 1184 Porta

245 1213 370 1249 Palacii
396 1215 429 1247 in
453 1213 619 1247 Parochia
644 1213 757 1247 Sancti
794 1213 977 1247 Theodorii
1014 1215 1056 1247 de
1092 1213 1307 1256 Cergnagho,
1332 1215 1385 1246 cui
1410 1215 1545 1247 coheret
1568 1223 1587 1246 a
1612 1223 1709 1247 mane
1745 1216 1848 1247 strata
1881 1215 2027 1256 publica,
2052 1223 2072 1247 a

159 1270 198 1319 ,ζῇ
247 1277 384 1311 meridie
408 1277 574 1310 lohannes
599 1277 766 1317 Teronus,
790 1286 810 1310 a
834 1286 910 1310 zero
935 1278 967 1310 et
990 1286 1010 1309 a
1035 1277 1126 1309 nulla
1152 1277 1234 1309 hora
1258 1276 1401 1309 Petinus
1438 1275 1606 1316 Cazanus,
1643 1277 1716 1309 sive
1741 1277 1786 1309 ibi
1811 1277 1905 1310 aliter
1930 1278 1982 1310 vel
2008 1277 2072 1310 alie

244 1340 315 1374 sint
337 1339 542 1373 coherencie.
568 1338 644 1378 Que
667 1339 790 1372 domus
826 1339 889 1372 tuit
924 1339 1097 1381 quondam
1133 1337 1296 1381 Stephani
1321 1339 1363 1372 de
1388 1337 1485 1380 Capo
1510 1340 1542 1371 et
1565 1339 1676 1371 fratris
1702 1339 1874 1372 Laurencii
1899 1340 1942 1372 de
1966 1337 2074 1381 Capo,

245 1401 305 1436 filii
340 1402 419 1436 dicti
456 1400 619 1444 Stephani
655 1402 698 1434 de
734 1400 842 1443 Capo,
877 1401 989 1434 fratris
1014 1401 1093 1434 dicti
1119 1400 1259 1434 Ordinis
1295 1399 1409 1434 Sancti
1435 1400 1616 1443 Augustini
1642 1402 1684 1434 de
1709 1400 1834 1443 Papia;
1860 1411 1926 1442 que
1950 1402 2073 1434 domus

155 1460 193 1511 'f
246 1466 378 1508 spectat
401 1466 434 1498 et
457 1465 600 1507 pertinet
623 1465 666 1498 ad
691 1465 801 1497 dictos
838 1464 968 1504 fratres,
1005 1462 1200 1506 Capitulum
1225 1465 1258 1497 et
1282 1462 1496 1497 Conventum
1533 1462 1646 1497 Sancti
1683 1463 1864 1506 Augustini
1890 1473 1951 1506 pro
1976 1464 2075 1497 fratre

247 1527 441 1568 Laurencio,
465 1528 508 1560 ad
534 1537 635 1569 quem
659 1527 794 1561 tratrem
830 1527 1051 1560 Laurencium
1087 1527 1177 1559 dicta
1212 1527 1335 1560 domus
1371 1527 1549 1568 spectabat
1573 1528 1605 1559 et
1629 1527 1818 1568 pertinebat
1854 1528 1990 1569 propter
2026 1528 2077 1559 in-

229 1599 402 1634 vgressum
442 1590 566 1623 tactum
592 1599 651 1632 per
675 1590 800 1623 dictum
826 1590 960 1623 fratrem
985 1589 1205 1623 Laurencium
1231 1590 1264 1622 in
1289 1590 1414 1622 dictum
1441 1588 1612 1622 Ordinem.
1639 1589 1798 1631 Alioquin
1835 1590 1913 1622 dicti
1950 1590 2076 1622 domini

244 1652 402 1693 Tribuni,
427 1653 480 1686 vel
505 1654 589 1686 socii
614 1662 740 1693 eorum,
766 1654 929 1695 ponerent
953 1661 1013 1686 seu
1039 1653 1119 1694 poni
1156 1652 1303 1685 tacerent
1338 1652 1464 1684 dictum
1501 1651 1684 1692 Rutfinum,
1720 1652 1810 1684 dicto
1847 1652 1991 1691 nomine,
2017 1660 2077 1684 seu

151 1706 196 1748 ῑῖῑ
234 1715 413 1750 ;sindicum
437 1716 517 1748 dicti
543 1713 742 1749 Conventus
767 1716 799 1748 et
823 1713 983 1757 Capituli,
1009 1715 1041 1747 in
1067 1716 1215 1748 tenutam
1241 1716 1272 1747 et
1296 1714 1504 1756 corporalem
1530 1715 1784 1756 possessionem
1821 1714 1908 1746 dicte
1944 1714 2077 1753 domus,

234 1779 280 1813 -et
302 1778 484 1821 procedent
508 1778 541 1811 in
566 1778 731 1820 predictis
767 1779 868 1820 prout
904 1778 947 1811 de
983 1778 1054 1810 iure
1090 1777 1190 1810 fuerit
1226 1777 1492 1819 procedendum.
1531 1776 1571 1809 Et
1596 1777 1660 1809 hoc
1686 1777 1729 1809 ad
1755 1777 1960 1818 peticionem
1997 1776 2077 1809 dicti

248 1838 372 1876 Ruffini
397 1840 545 1882 petentis
569 1849 607 1873 se
632 1841 713 1882 poni
738 1841 772 1873 et
796 1840 964 1873 introduci
997 1840 1030 1872 in
1066 1841 1216 1872 tenutam
1242 1841 1275 1872 et
1299 1839 1517 1881 corporalem
1547 1839 1807 1881 possessionem
1844 1839 1967 1871 domus
2003 1847 2080 1880 pre-

236 1902 347 1937 dicte.
372 1902 424 1936 De
450 1903 582 1936 iuribus
606 1912 751 1945 quorum
775 1902 915 1936 fratrum
941 1903 1042 1936 dictis
1067 1903 1216 1935 dominis
1240 1902 1330 1935 facta
1353 1902 1417 1935 fuit
1441 1902 1543 1944 plena
1567 1902 1673 1942 fides;
1699 1902 1814 1934 iurans
1850 1901 1963 1934 dictus
1996 1900 2077 1935 Ruf-

154 1951 209 2002 ³27
235 1965 348 2006 finus,
372 1966 464 1999 dieto
489 1966 636 2006 nomine,
661 1966 787 1998 dictam
813 1965 951 1998 domum
977 1967 1133 2007 spectare
1158 1967 1190 1998 et
1214 1965 1383 2007 pertinere
1419 1965 1462 1998 ad
1500 1965 1611 1998 dictos
1646 1964 1777 2004 fratres,
1803 1962 2018 1997 Conventum
2043 1965 2076 1996 et

187 2020 190 2022 ³
248 2025 455 2071 Capitulum,
480 2028 677 2061 racionibus
702 2028 957 2070 suprascriptis.
984 2027 1025 2060 Et
1049 2028 1077 2060 si
1104 2028 1182 2069 quis
1207 2036 1250 2060 ex
1276 2028 1340 2060 hoc
1366 2029 1530 2069 precepto
1555 2027 1701 2060 senserit
1714 2035 1751 2059 se
1769 2028 1957 2068 gravatum,
1983 2035 2075 2059 corn-

174 2099 183 2111 <
239 2092 366 2134 ,pareat
389 2100 503 2124 coram
528 2091 631 2124 dictis
655 2091 804 2124 dominis
829 2090 992 2123 Tribunis
1017 2090 1102 2123 intra
1127 2090 1255 2123 dictum
1279 2090 1470 2123 terminum.
1496 2089 1536 2122 Et
1561 2090 1639 2122 inde
1665 2089 1745 2122 dicti
1772 2089 1900 2122 domini
1934 2088 2076 2121 Tribuni

248 2154 284 2187 et
307 2152 474 2194 Ruffinus,
498 2154 591 2187 dicto
616 2154 762 2194 nomine,
788 2154 875 2187 hanc
900 2155 1027 2186 cartam
1051 2153 1122 2186 fieri
1149 2153 1321 2186 iusserunt
1346 2154 1378 2186 et
1403 2140 1618 2195 rogaverunt.
1656 2151 1880 2184 interfuerunt
1910 2151 2077 2183 Iohannes

247 2215 294 2250 de
317 2215 438 2257 Serris,
463 2217 684 2250 Ludovichus
709 2217 751 2249 de
777 2215 932 2250 Calvello
957 2218 990 2249 et
1015 2215 1159 2249 Perinus
1184 2216 1227 2249 de
1252 2216 1375 2249 Naxiis
1391 2215 1482 2248 tilius
1500 2215 1672 2257 quondam
1690 2215 1839 2254 Martini,
1865 2214 1942 2246 inde
1961 2215 2077 2246 testes.

151 2317 185 2326 ..-,.
315 2277 454 2312 Eisdem
478 2287 568 2312 anno
593 2280 626 2312 et
650 2278 832 2318 indicione,
857 2279 912 2312 die
938 2279 1065 2318 martis,
1091 2279 1210 2320 quinto
1234 2278 1363 2311 mensis
1387 2277 1560 2317 februarii,
1585 2277 1668 2310 hora
1693 2286 1802 2316 mane,
1828 2277 1860 2309 in
1886 2275 2003 2318 Papia,
2029 2276 2080 2308 vi-

149 2334 187 2378 '³51
242 2340 372 2375 delicet
396 2350 502 2384 super
524 2341 658 2384 palacio
683 2341 788 2374 veteri
813 2339 980 2374 Comunis
1004 2340 1121 2383 Papie,
1146 2341 1190 2374 ad
1216 2341 1397 2380 banchum,
1422 2340 1479 2373 ubi
1506 2340 1559 2372 ius
1585 2340 1736 2372 redditur
1752 2348 1813 2380 per
1829 2339 1987 2371 dominos
2004 2338 2079 2370 Tri-

254 2403 365 2436 bunos
389 2402 506 2436 Plebis
538 2403 687 2436 civitatis
723 2402 840 2445 Papie.
866 2402 900 2436 ln
926 2403 1105 2445 presencia
1141 2403 1356 2436 dominorum
1392 2401 1575 2444 Augustini
1612 2401 1789 2440 Panizarii,
1826 2399 1998 2434 Guillelmi
2035 2400 2078 2432 de

243 2452 360 2506 Serra,
385 2464 548 2499 Bertolinl
573 2463 736 2499 Schinoni
761 2466 794 2498 et
818 2465 969 2498 Thorelli
995 2465 1037 2498 de
1062 2465 1309 2498 Mediisbarbis
1335 2464 1563 2497 Tribunorum
1589 2462 1705 2496 Plebis
1730 2463 1892 2504 predicte,
1933 2461 2080 2494 Facinus

252 2526 296 2560 de
319 2526 456 2561 Boscho
481 2528 626 2560 servitor
650 2527 907 2569 suprascriptus
933 2527 1044 2560 retulit
1069 2528 1102 2560 et
1126 2527 1223 2567 dixit,
1249 2535 1286 2559 se
1323 2535 1367 2559 ex
1392 2528 1498 2568 parte,
1535 2525 1770 2567 imposicione,
1807 2524 2012 2557 comissione
2049 2526 2082 2556 et

254 2588 413 2623 mandato
437 2589 605 2623 dictorum
631 2590 844 2622 dominorum
870 2589 1099 2622 Tribunorum
1124 2591 1156 2622 et
1181 2589 1224 2622 ad
1249 2589 1453 2631 peticionem
1491 2589 1571 2621 dicti
1597 2587 1732 2627 Rufum,
1769 2587 1860 2620 dicto
1897 2586 2082 2619 sindicario

253 2651 399 2692 nomine,
435 2652 581 2685 dississe
606 2653 639 2685 et
663 2651 862 2694 precepisse
899 2651 1134 2693 suprascripto
1169 2650 1293 2684 Octino
1330 2651 1554 2693 personaliter
1590 2651 1727 2682 invento
1752 2651 1784 2682 et
1820 2649 1909 2681 dicte
1945 2648 2082 2681 domine

250 2711 346 2747 Belle
369 2714 404 2747 in
428 2714 531 2747 domo
555 2714 630 2747 eius
655 2713 893 2753 habitacionis,
918 2715 951 2746 et
975 2713 1105 2746 eisdem
1142 2713 1268 2746 dictum
1305 2714 1503 2754 preceptum
1541 2714 1573 2744 et
1609 2711 1838 2744 ambaxiatam
1874 2711 1907 2743 in
1945 2710 2083 2752 scriptis

254 2775 426 2810 dimisisse
450 2778 483 2810 et
506 2777 706 2819 precepisse
732 2776 765 2808 in
790 2776 950 2809 omnibus
975 2777 1007 2808 et
1031 2785 1092 2817 per
1116 2776 1229 2808 omnia
1257 2777 1357 2817 prout
1396 2775 1556 2816 superius
1592 2774 1634 2807 de
1671 2774 1776 2807 verbo
1801 2773 1844 2806 ad
1870 2773 2011 2806 verbum
2048 2772 2081 2805 in

254 2838 416 2880 predictis
440 2840 603 2881 precepto
628 2840 661 2872 et
685 2839 910 2880 imposicione
936 2837 1072 2880 plenius
1097 2838 1297 2871 continetur.
1323 2837 1364 2870 Et
1389 2837 1467 2870 inde
1492 2837 1572 2869 dicti
1598 2836 1726 2869 domini
1744 2835 1898 2875 Tribuni,
1923 2835 2078 2875 servitor,

310 3039 342 3068 (Ι)
355 3040 364 3063 Ι
377 3041 474 3068 quanm
487 3041 574 3063 tribuni
589 3041 650 3063 della
665 3040 733 3068 plebe
748 3040 860 3063 nominati
875 3040 898 3062 in
913 3040 1053 3067 quesrano,
1068 3045 1140 3061 erano
1195 3040 1230 3061 tre
1240 3039 1331 3061 cariche
1341 3040 1420 3061 create
1434 3038 1472 3060 dal
1483 3038 1603 3060 Bussolari
1614 3038 1652 3066 pel
1662 3038 1807 3066 reggimento
1815 3037 1837 3060 di
1847 3037 1918 3060 Pavia
1933 3037 1986 3060 vedi
2002 3037 2078 3060 PETRI

259 3089 306 3107 flu
318 3084 440 3108 ere-none
453 3085 477 3107 dl
491 3085 560 3108 Frate
574 3085 686 3108 OEncomo
701 3085 830 3112 Bussoiari,
845 3085 883 3112 pel
894 3085 956 3106 buon
967 3090 1070 3111 governo
1081 3083 1142 3106 della
1196 3083 1289 3110 ΑΖΑΩΙΙ,
1302 3082 1388 3106 chron.
1404 3083 1427 3105 in
1441 3082 1496 3106 Rer.
1511 3083 1565 3105 ital.
1580 3083 1662 3110 script.
1677 3082 1723 3105 vol.
1739 3082 1798 3110 XVl,
1813 3082 1857 3105 col.
1871 3082 1920 3107 376.

251 3122 325 3152 eitra.
338 3127 386 3152 Ch·-
399 3128 532 3154 Boanum.
547 3129 651 3158 Nouate,
666 3129 713 3152 vol.
729 3129 766 3152 lv.
781 3130 849 3167 parte
864 3129 880 3156 Ι,
896 3134 949 3156 pag.
965 3129 1012 3151 323,
1028 3128 1091 3151 Sulle
1109 3128 1142 3150 al-
