2496 3600
1309 464 1430 506 XX.

565 585 660 616 Patti
685 594 704 615 e
728 584 961 615 convenzioni
987 583 1139 614 stabiliti
1164 583 1218 613 fra
1242 582 1268 612 il
1293 582 1468 613 Generale
1492 582 1695 620 Guglielmo
1717 581 1765 613 da
1792 581 1968 613 Cremona
1991 590 2012 613 8
2034 582 2071 613 la
2093 590 2208 614 nuova
2231 581 2310 614 Co-

475 639 611 669 munita
635 638 671 669 di
696 638 732 668 S.
759 637 934 675 Agostino
957 645 1020 675 per
1043 645 1113 666 una
1136 640 1249 674 parte,
1275 644 1294 666 e
1319 635 1331 666 i
1355 635 1525 666 canonici
1560 635 1728 674 Regelari
1759 635 1796 666 di
1820 635 1858 666 S.
1883 635 2007 667 Pietro
2029 635 2067 667 in
2089 635 2167 667 eie!
2189 634 2303 668 (1·οω

478 701 541 731 per
565 692 589 722 1’
599 692 691 722 altra
707 689 769 732 (1).
2304 692 2306 694 ’

1143 784 1289 818 1331,
1316 785 1555 819 aug-no,
1582 785 1637 812 Β.

952 871 1030 899 (Arcti.
1046 873 1069 895 111
1083 872 1161 900 Stato,
1176 872 1272 895 Milano.
1287 883 1315 888 -—
1329 872 1435 901 Pergam.
1451 872 1474 895 dl
1489 872 1513 895 S.
1529 872 1608 896 Pietro
1623 872 1646 895 111
1661 871 1710 896 ciel
1725 872 1820 900 d'Oro).

492 998 495 1086 l

584 1042 633 1158 Ι
715 1059 747 1087 *N
771 1054 905 1087 nomine
930 1053 1068 1087 Domini
1092 1061 1201 1086 amen.
1227 1052 1326 1087 Anno
1351 1053 1537 1087 nativitatis
1561 1053 1714 1087 eiusdem
1740 1052 1920 1087 millesimo
1943 1053 2175 1088 tricentesimo
2202 1053 2318 1101 11·138···Δ

744 1118 832 1150 slmo
869 1118 989 1160 primo,
1025 1118 1210 1152 indictione
1246 1116 1510 1159 quintadecima,
1535 1116 1590 1149 die
1615 1116 1771 1150 mercurii
1803 1117 1924 1159 quinto
1948 1117 2078 1151 mensis
2101 1116 2198 1157 Iunii,
2221 1117 2244 1151 11
2280 1102 2307 1112 ⁷

745 1182 867 1213 octave
894 1180 927 1213 in
952 1180 1100 1214 ecclesia
1124 1180 1319 1214 monasterii
1345 1178 1459 1213 Sancti
1485 1178 1574 1212 Petri
1600 1179 1633 1212 in
1658 1177 1743 1213 Celo
1767 1188 1872 1213 aureo
1895 1179 2261 1222 papiensls,v1delicet

477 1216 582 1275 choro
607 1245 639 1275 et
663 1244 741 1276 ante
766 1242 871 1276 altare
896 1243 1007 1284 ipsius
1031 1242 1187 1276 ecclesie.
1213 1240 1300 1275 Cum
1325 1242 1368 1275 ad
1395 1242 1557 1274 honorem
1583 1240 1647 1274 Dei
1672 1243 1705 1274 et
1729 1240 1833 1275 Beate
1866 1241 2015 1285 Virginis
2039 1240 2104 1276 Dei
2128 1240 2311 1291 genitricis

477 1305 585 1337 Marie
610 1306 642 1338 et
667 1304 842 1338 beatorum
878 1304 1111 1347 apostolorum
1148 1303 1237 1337 Petri
1275 1306 1308 1337 et
1342 1303 1450 1343 Pauli,
1475 1313 1515 1337 ac
1540 1304 1630 1337 beati
1667 1302 1849 1346 Augustini
1889 1304 2042 1337 doctoris
2065 1304 2206 1348 egregii,
2232 1303 2312 1343 onh-

476 1367 636 1408 niumque
662 1365 874 1406 Sanctorum,
899 1375 960 1408 per
983 1367 1237 1400 sanctissimum
1262 1367 1392 1408 patrem
1416 1367 1451 1399 et
1473 1366 1648 1398 dominum
1673 1367 1826 1399 nostrum
1851 1365 2026 1399 dominum
2051 1355 2310 1404 Iohannem&

476 1430 555 1462 vina
580 1429 798 1462 Providentia
823 1428 997 1462 Summum
1022 1428 1233 1468 Pontificem,
1259 1428 1301 1461 de
1327 1428 1478 1461 Fratrum
1518 1437 1657 1461 suorum
1693 1427 1849 1467 consilio,
1881 1428 2082 1461 auctoritate
2114 1435 2194 1470 ap·-
2224 1442 2286 1459 ιχ·

476 1493 637 1524 statutum
663 1493 695 1524 et
720 1492 911 1525 ordinatum
947 1491 1096 1524 extiterit
1132 1491 1224 1533 quod
1250 1490 1384 1524 Fratres
1420 1489 1560 1524 Ordinis
1597 1489 1819 1523 Eremitarum
1844 1490 1934 1524 beati
1959 1489 2308 1533 Augustini,.qui5u

476 1554 581 1595 presit
606 1553 702 1586 Prior
726 1554 915 1586 secundum
941 1553 1194 1587 observantiam
1219 1553 1331 1594 ipsius
1355 1551 1507 1592 Ordinis,
1532 1553 1627 1586 iuxta
1651 1552 1832 1586 ecclesiam
1857 1552 2052 1586 monasterii
2077 1550 2193 1586 Sancti
2227 1556 2249 1567 ’⁴

480 1617 512 1648 in
538 1615 622 1649 Celo
647 1625 751 1649 aureo
775 1616 953 1658 papiensis
978 1616 1133 1657 predicti,
1158 1616 1212 1649 cui
1238 1617 1353 1657 preest
1377 1615 1486 1648 abbas
1510 1617 1543 1648 et
1567 1616 1758 1648 conventus
1773 1637 1778 1642 -
1794 1613 2046 1649 Canonicorum
2085 1613 2206 1658 Regni
2245 1646 2247 1649 ,

477 1677 616 1711 Ordinis
641 1678 729 1711 beati
754 1677 935 1720 Augustini
972 1677 1126 1719 predicti,
1162 1677 1287 1719 degant
1312 1677 1405 1716 inibi,
1431 1676 1654 1719 ingrediendo
1679 1678 1711 1709 et
1735 1676 1944 1719 egrediendo
1967 1675 2093 1710 dictam
2125 1675 2243 1710 eccl

475 1750 536 1782 per
561 1742 690 1782 portam
709 1740 751 1773 de
769 1749 860 1773 novo
878 1740 959 1772 inibi
977 1739 1168 1773 faciendam
1194 1748 1255 1781 per
1279 1739 1413 1772 Fratres
1438 1738 1651 1772 Eremitanos
1675 1739 1860 1781 predictos,
1885 1738 2037 1781 ipsorum
2052 1737 2207 1772 tamenE

476 1804 631 1835 ‘ranorum
657 1802 864 1834 habitatione
890 1810 909 1835 a
934 1802 1100 1834 dictorum
1126 1800 1272 1834 Abbatis
1296 1803 1329 1834 et
1353 1799 1604 1834 Canonicorum
1630 1801 1898 1834 habitationibus
1925 1799 2075 1834 discreta
2089 1801 2124 1834 et
2157 1814 2181 1817 “

475 1864 585 1897 taliter
609 1864 776 1897 existente
801 1864 893 1905 quod
919 1863 1000 1896 dicti
1026 1862 1145 1896 Abbas
1169 1865 1202 1896 et
1226 1861 1392 1896 Canonici
1417 1863 1450 1895 in
1475 1863 1549 1896 suis
1573 1862 1842 1896 habitationibus
1867 1863 2038 1904 nequeant
2061 1862 2189 1904 impedi

568 1924 724 1967 Cumque
749 1926 849 1958 etiarn
874 1925 917 1958 de
942 1925 1069 1958 divinis
1094 1925 1228 1965 officiis,
1253 1925 1369 1958 missis
1393 1926 1426 1957 et
1450 1924 1743 1967 predicationibus
1768 1924 1801 1957 in
1825 1924 1918 1958 dicta
1941 1923 2088 1958 ecclesia
2112 1933 2174 1966 per
2195 1923 2253 1958 di«

480 1987 633 2020 Abbates
658 1989 691 2020 et
715 1985 912 2021 Canonicos
937 1989 969 2020 et
994 1996 1055 2029 per
1090 1987 1264 2029 predictos
1300 1986 1450 2019 Priorem
1487 1987 1520 2019 et
1555 1985 1688 2019 Fratres
1725 1985 1938 2020 Eremitanos
1968 1984 2185 2020 celebrandis
2208 1986 2276 2020 81
2299 2007 2310 2011 -

477 2050 710 2082 oblationibus
735 2059 801 2091 que
827 2049 1009 2082 offerentur
1033 2049 1066 2081 In
1091 2049 1187 2082 altari
1213 2049 1266 2082 vel
1291 2049 1372 2082 alibi
1398 2049 1431 2081 in
1457 2049 1663 2081 monasterio
1680 2048 1853 2081 antedicto
1876 2049 1910 2081 et
1933 2048 1976 2081 de
1993 2047 2148 2081 sedendo
2162 2047 2199 2081 in
2214 2043 2314 2089 (11811

477 2112 624 2144 ecclesia
649 2113 681 2144 et
706 2111 748 2144 de
773 2111 1055 2153 processionibus
1081 2113 1113 2143 et
1138 2111 1180 2143 de
1195 2110 1474 2143 confessionibus
1491 2110 1774 2152 parochianorum
1791 2109 1946 2143 eiusdem
1963 2108 2109 2143 ecclesie
2125 2108 2220 2142 aud·
2246 2094 2248 2097 V
2268 2095 2276 2102 ³

477 2176 510 2206 et
534 2174 576 2206 de
602 2174 824 2206 sacramentis
849 2173 1094 2206 ecclesiasticis
1119 2173 1248 2206 eisdem
1274 2171 1506 2205 ministrandis
1531 2173 1564 2205 et
1587 2172 1630 2204 de
1655 2171 1840 2213 sepulturis
1864 2171 2100 2204 defunctorum
2124 2170 2183 2213 qui
2213 2183 2238 2199 :-

478 2236 600 2269 lientur
624 2236 715 2277 apud
741 2235 983 2268 monasterium
1008 2234 1211 2277 prelibatum
1236 2236 1269 2267 et
1293 2235 1335 2267 de
1359 2234 1572 2267 funeralibus
1588 2243 1655 2276 que
1673 2234 1801 2267 ratione
1819 2234 1970 2276 ipsorum
1995 2241 2177 2275 corporum
2200 2241 2238 2266 o·

477 2299 596 2337 nerint,
621 2307 682 2340 per
705 2298 851 2331 eundem
876 2297 1129 2330 sanctissimum
1155 2299 1284 2339 patrem
1309 2298 1342 2330 et
1371 2296 1545 2329 dominum
1584 2296 1759 2329 dominum
1795 2294 1970 2329 Summum
2005 2293 2205 2328 Pontificem
2246 2309 2251 2323 4

477 2363 585 2393 tutum
611 2361 654 2393 sit
678 2362 710 2393 et
734 2361 940 2393 ordinatum:

567 2422 723 2465 Cumque
749 2424 860 2463 etiam,
886 2423 914 2456 si
940 2431 1045 2464 super
1083 2422 1247 2464 predictis
1272 2421 1326 2454 vel
1351 2421 1467 2463 aliquo
1503 2421 1732 2463 predictorum
1758 2422 1816 2454 aut
1839 2421 1931 2454 circa
1954 2429 2006 2460 ea,
2030 2420 2117 2453 inter
2139 2418 2255 2454 Abba

536 2580 565 2607 (1)
582 2581 587 2602 1
604 2581 663 2607 patti
679 2581 721 2602 che
736 2581 755 2602 si
771 2580 924 2602 stabiliscono
939 2585 983 2602 con
1005 2580 1090 2606 questo
1111 2580 1163 2601 atto
1177 2584 1236 2601 sono
1258 2578 1288 2601 da
1309 2584 1363 2601 con·
1417 2584 1484 2601 come
1499 2578 1580 2601 taluno
1594 2578 1719 2606 vorrebbe,
1734 2577 1764 2600 da
1779 2578 1865 2600 vedere
1879 2578 1902 2600 in
1916 2578 2004 2605 questo
2017 2578 2069 2600 atto
2084 2577 2152 2604 quasi
2167 2581 2214 2599 11118
2226 2574 2311 2607 W

482 2624 591 2646 trontarsi
607 2625 666 2651 cogli
681 2625 734 2646 altri
750 2625 852 2651 espressi
876 2624 912 2646 nel
932 2623 1074 2646 documento
1089 2629 1111 2645 11.
1126 2623 1154 2650 X,
1177 2622 1214 2645 del
1235 2623 1262 2645 25
1282 2623 1366 2645 Marzo
1421 2623 1593 2645 dichiarazione
1607 2622 1630 2645 di
1645 2622 1735 2645 ostilita
1749 2622 1805 2645 ira*
1798 2629 1806 2644 ι
1821 2623 1867 2646 11118
1881 2622 1946 2649 corpi
1961 2622 2071 2650 religiosi,
2091 2627 2129 2644 ma
2150 2620 2271 2649 mutto-ts
2279 2607 2315 2661 ᾖ

485 2670 543 2696 1327,
559 2675 600 2696 per
615 2669 715 2691 vederne
730 2670 751 2691 le
765 2669 901 2696 importanti
917 2668 1096 2691 modificazioni.
1113 2668 1129 2690 11
1144 2668 1261 2695 TORELLI,
1276 2668 1304 2695 V,
1319 2668 1367 2694 481,
1422 2673 1522 2689 comune
1537 2661 1654 2689 desiderio
1668 2667 1711 2689 che
1725 2667 1790 2689 tutto
1805 2666 1947 2693 procedesse
1960 2665 2147 2688 ordinatamente
2165 2671 2179 2687 e
2196 2662 2310 2693 βίω

483 2719 528 2735 non
544 2719 571 2735 ne
587 2714 636 2735 dice
656 2714 726 2741 nulla,
749 2714 853 2735 soltanto
867 2713 882 2735 li
904 2719 1006 2735 accenna
1021 2719 1034 2735 e
1048 2713 1153 2735 rimanda
1177 2713 1212 2734 chi
1235 2713 1249 2734 li
1271 2712 1364 2734 volesse
1420 2713 1497 2734 mente
1511 2717 1525 2733 a
1540 2711 1646 2738 maggior
1659 2710 1733 2738 gloria
1747 2710 1771 2732 di
1786 2710 1832 2732 Dlo
1845 2715 1859 2732 e
1873 2710 1896 2732 di
1911 2709 1935 2732 S.
1951 2710 2074 2738 Agostino.
2090 2709 2124 2732 Ne
2138 2709 2152 2732 ὲ
2165 2708 2196 2731 dn
2208 2708 2316 2742 fir*

484 2763 609 2780 conoscere
624 2759 646 2780 al
662 2758 801 2785 ΡΕΝΝΟττι,
826 2758 865 2780 lib.
882 2759 898 2785 l,
914 2764 966 2785 cap.
981 2758 1015 2785 63,
1031 2763 1085 2785 pag.
1100 2758 1148 2779 212.
1163 2757 1204 2779 Ma
1219 2757 1234 2778 il
1249 2757 1367 2784 Pennotti,
1422 2756 1519 2783 raviglia
1533 2761 1559 2778 se
1574 2756 1597 2778 111
1611 2761 1738 2783 progresso
1753 2755 1776 2777 di
1795 2756 1876 2783 tempo
1899 2760 1994 2777 sorsero
2017 2754 2052 2776 tra
2073 2754 2094 2777 le
2117 2754 2164 2776 due
2185 2743 2316 2788 (πώ

483 2803 525 2823 che
540 2803 628 2829 sbaglia
643 2803 716 2824 anche
731 2803 752 2824 la
767 2802 823 2824 data
837 2803 874 2824 del
890 2803 1031 2824 documento
1046 2802 1078 2828 (lo
1093 2802 1144 2824 dice
1152 2802 1189 2824 del
1199 2803 1212 2824 5
1222 2802 1311 2829 luglio),
1322 2807 1368 2823 non
1423 2801 1505 2823 screzii
1520 2806 1533 2822 e
1548 2800 1697 2827 dissensioni,
1712 2800 1794 2822 dovuti
1816 2799 1856 2827 pit:
1878 2800 1921 2822 che
1941 2800 2006 2822 tutto
2019 2805 2034 2821 a
2048 2798 2163 2821 malintesi
2177 2804 2193 2821 o
2206 2797 2238 2820 ad
2273 2810 2274 2813 =
2288 2803 2290 2806 ·

484 2852 512 2868 ne
528 2846 557 2867 (1.1
572 2847 613 2868 che
630 2853 660 2868 un
675 2847 756 2873 brano,
773 2847 851 2873 quello
867 2847 1037 2873 precisamente
1052 2846 1113 2868 dalle
1128 2846 1216 2873 parole:
1235 2845 1317 2868 Primo
1338 2845 1370 2867 νί-
1424 2845 1475 2867 zelo
1490 2845 1565 2867 talora
1580 2846 1668 2871 troppo
1681 2844 1787 2866 ardente.
1801 2843 1822 2866 Α
1836 2844 1896 2866 bene
1916 2843 2035 2871 giudicare
2049 2843 2072 2865 di
2088 2843 2128 2865 nli
2150 2842 2269 2870 questioni

484 2890 578 2916 delicet,
595 2890 646 2911 sino
661 2890 706 2912 alla
721 2890 766 2911 tine
791 2890 828 2912 del
843 2890 947 2912 secondo
969 2891 1045 2917 patto,
1066 2895 1111 2912 ove
1125 2890 1145 2912 si
1160 2890 1212 2912 dice
1233 2889 1370 2916 expressius
1424 2890 1558 2912 necessario
1572 2889 1694 2916 riportarsi
1709 2889 1754 2911 alle
1768 2888 1909 2916 condizioni,
1923 2888 1972 2911 cosi
1987 2888 2080 2910 diverse
2101 2887 2162 2910 1111118
2175 2888 2256 2910 nostre

485 2935 509 2956 in
525 2934 655 2956 mandatis.
672 2934 772 2961 Ognuno
787 2934 927 2961 comprende
942 2935 964 2956 la
979 2934 1132 2961 opportunus
1147 2940 1160 2956 e
1175 2934 1197 2956 la
1211 2933 1328 2956 necessita
1345 2933 1368 2955 di
1423 2934 1483 2961 idee,
1499 2934 1521 2955 di
1536 2933 1702 2960 abitudini,·di
1717 2933 1860 2960 sentimenti,
1875 2932 1898 2955 di
1913 2932 1986 2955 diritti
2006 2933 2081 2954 allora
2101 2932 2204 2960 vigenti:
2225 2931 2308 2956 PM

485 2979 562 3005 questi
578 2984 590 2999 e
606 2978 642 2999 dei
665 2978 724 3004 patti
747 2978 789 3000 che
811 2978 922 3000 vedremo
943 2979 1016 3000 anche
1030 2979 1053 3000 in
1067 2978 1177 3000 avvenire
1198 2978 1304 3005 stabiliti,
1327 2983 1368 3004 per
1423 2978 1460 3000 cio
1475 2978 1626 3000 dimenticato
1641 2983 1655 2999 0
1670 2978 1804 3000 trascurato
1817 2977 1842 2999 111
1857 2981 1929 2999 eausa
1944 2976 1967 2998 di
1981 2976 2172 3003 apprmamenti
2187 2981 2233 2999 uon
2249 2972 2306 3003 eqd

485 3023 499 3044 il
515 3023 578 3044 buon
598 3022 739 3044 andamento
754 3027 766 3044 e
781 3022 903 3044 l'armonia
925 3022 947 3044 di
969 3022 1015 3044 due
1037 3022 1164 3050 comunita,
1188 3028 1232 3045 con
1253 3022 1369 3049 superiori
1425 3022 1453 3044 ne
1468 3022 1577 3044 veritieri.

485 3067 579 3093 diversi,
595 3067 712 3088 destinate
727 3066 757 3088 ad
768 3066 872 3088 utiiciare
887 3067 948 3088 nello
963 3068 1042 3089 stesso
1057 3067 1154 3094 tempio.
1170 3067 1222 3089 Non
1236 3067 1249 3089 e
1264 3066 1367 3094 dunque,
