2496 3600
504 239 549 274 32

504 374 674 406 cutionem
710 373 904 407 huiusmodi
941 374 1089 407 mandati
1125 372 1305 415 apostolici
1343 374 1378 405 ut
1402 374 1555 405 tenemur
1590 371 1786 414 procedere,
1822 373 2015 405 reverenter
2036 380 2141 414 super
2175 371 2240 406 hoc
2264 380 2326 415 per

503 435 648 468 eundem
673 438 925 478 procuratorem
951 445 1026 469 cum
1053 435 1218 468 instancia
1244 435 1413 476 requixiti,
1439 434 1603 467 dictarum
1629 433 1811 480 litterarum
1843 436 1959 467 tenore
1983 433 2119 476 plenius
2143 434 2324 475 intellecto,

503 498 701 531 auctoritate
737 498 925 540 apostolica
961 507 1028 540 qua
1064 498 1234 539 fungimur
1258 497 1290 529 in
1317 497 1379 529 hac
1404 498 1509 538 parte,
1535 504 1598 529 vos
1623 495 1790 529 Abbatem
1816 498 1849 530 et
1873 498 2077 530 conventum
2101 496 2324 540 singulosque

502 558 699 593 Canonicos
723 563 756 593 et
781 569 947 602 personas
972 560 1158 602 supradicti
1185 559 1379 592 monasterii
1405 557 1519 592 Sancti
1545 557 1635 591 Petri
1649 567 1690 592 ac
1705 558 1890 601 dignitates
1914 560 2118 600 personatus
2134 567 2195 592 seu
2212 558 2325 593 officia

503 631 706 664 quecunque
732 625 766 655 ut
792 622 976 664 predicitur
1002 623 1033 654 in
1059 621 1179 654 eodem
1207 620 1412 654 monasterio
1449 621 1614 653 habentes
1646 629 1864 662 quocumque
1889 621 2024 654 nomine
2048 623 2260 662 censeantur,
2284 630 2324 656 ac

504 694 624 718 omnes
649 687 681 717 et
706 684 871 727 syngulos
896 693 1038 726 quorum
1076 685 1213 716 interest
1251 683 1303 716 vel
1341 683 1488 716 intererit
1513 685 1545 716 et
1570 691 1689 716 omnes
1713 685 1746 716 et
1770 683 1936 726 syngulos
1960 683 2047 717 alios
2071 683 2325 726 suprascriptos

502 747 718 788 presencium
743 748 859 779 tenore
885 746 994 788 primo
1019 746 1172 779 secundo
1197 746 1358 778 et'tercio
1383 745 1596 787 perhentorie
1622 745 1826 787 requirimus
1850 747 1883 778 et
1907 754 2085 779 monemus
2098 746 2268 788 vobisque
2292 747 2326 780 et

503 811 652 841 vestrum
679 808 836 850 syngulis
862 809 893 840 in
920 808 1042 840 virtute
1068 809 1185 840 sancte
1221 807 1422 840 obediencie
1447 816 1486 840 ac
1511 807 1663 840 districte
1688 809 1720 840 et
1745 807 1810 840 sub
1835 806 2059 849 infrascriptis
2094 807 2193 850 penis
2217 808 2327 850 preci-

503 870 616 911 pimus
641 872 673 903 et
699 870 900 902 mandamus
924 870 1085 911 quatinus
1110 868 1260 902 Priorem
1286 867 1487 902 Generalem
1513 871 1545 902 et
1569 868 1721 910 prefatos
1745 867 1878 902 Fratres
1902 867 2042 903 Ordinis
2081 869 2324 903 Heremitarum

503 931 617 965 Sancti
644 931 823 974 Augustini
849 932 891 965 ad
918 932 1184 973 suprascriptam
1222 931 1470 964 habitacionem
1506 940 1567 973 per
1603 931 1698 973 ipsos
1716 930 1849 964 Fratres
1873 933 1905 965 et
1930 931 2078 965 Priorem
2103 932 2162 975 qui
2186 941 2326 975 preesse

505 995 607 1027 debet
632 995 761 1027 eisdem
787 994 975 1027 secundum
1001 994 1260 1027 observanciam
1286 994 1415 1026 ordinis
1439 994 1598 1027 antedicti
1625 994 1719 1026 iuxta
1745 993 1925 1027 ecclesiam
1964 994 2106 1036 predicti
2132 994 2326 1029 monasterii

501 1056 691 1089 faciendam
718 1057 906 1089 secundum
932 1058 1105 1096 statutum,
1131 1056 1314 1095 decretum,
1339 1055 1578 1089 ordinaciones
1602 1058 1635 1089 et
1659 1055 1852 1089 voluntates
1876 1056 2066 1098 apostolica
2093 1057 2327 1100 suprascripta
2410 1047 2414 1053 ’

482 1119 534 1151 'et
559 1119 601 1151 ad
627 1128 667 1151 ea
691 1128 757 1160 que
784 1119 816 1151 in
843 1119 928 1160 ipsis
953 1121 1090 1158 statuto,
1127 1118 1275 1158 decreto,
1312 1118 1591 1151 ordinacionibus
1615 1120 1647 1151 et
1672 1118 1906 1151 voluntatibus
1942 1119 2156 1152 continentur
2190 1121 2223 1152 et
2258 1127 2326 1162 que

503 1189 546 1213 ex
573 1181 658 1222 ipsis
683 1181 845 1214 resultant
870 1182 902 1214 et
927 1181 1088 1214 resultare
1114 1182 1259 1223 possunt
1283 1182 1315 1213 et
1339 1182 1497 1222 poterunt
1522 1181 1554 1228 in
1578 1180 1737 1220 futurum,
1773 1180 1918 1214 sublatis
1954 1180 2135 1215 cuiuslibet
2159 1180 2329 1215 contradi·
2384 1159 2423 1197 ’πῖ

502 1243 611 1276 cionis
636 1245 668 1276 et
693 1243 889 1276 dificultatis
914 1243 1113 1283 obstaculis,
1153 1243 1339 1276 admittatis
1363 1245 1395 1275 et
1420 1243 1516 1285 ipsos
1541 1243 1583 1276 ad
1610 1242 1666 1276 illa
1690 1243 1821 1276 admitti
1846 1243 1890 1276 ab
1914 1243 2002 1283 aliis,
2026 1246 2059 1276 et
2083 1253 2123 1277 ea
2158 1244 2272 1278 omnia
2294 1246 2328 1278 et

503 1305 638 1347 singula
663 1315 729 1347 que
755 1306 787 1338 in
814 1306 1056 1347 suprascriptis
1097 1305 1215 1338 litteris
1254 1305 1454 1347 apostolicis
1494 1305 1708 1338 continentur
1732 1307 1764 1339 et
1796 1305 1838 1338 ad
1875 1315 1991 1339 eorum
2031 1305 2187 1340 effectum
2212 1308 2246 1340 et
2268 1306 2329 1341 de-

504 1367 606 1400 bitam
632 1369 875 1401 execucionem
902 1368 1036 1407 deduci,
1062 1368 1240 1410 ipsamque
1273 1367 1449 1410 adimpleri
1475 1368 1612 1410 penitus
1636 1368 1837 1410 permittatis
1854 1368 2045 1410 eademque
2070 1368 2113 1402 de
2137 1370 2250 1403 cetero
2272 1369 2330 1403 flr·

503 1430 600 1463 miter
623 1431 814 1463 observetis
839 1433 871 1463 et
895 1430 1045 1472 plenarie
1070 1430 1256 1472 adimplere
1293 1431 1418 1464 curetis
1453 1439 1493 1463 ac
1530 1431 1643 1463 omnia
1667 1432 1700 1463 et
1724 1430 1859 1473 singula
1894 1439 1960 1472 que
1993 1430 2145 1472 prefatus
2169 1431 2329 1466 dominus

503 1494 619 1525 noster
643 1491 738 1534 Papa
762 1502 823 1534 per
847 1493 957 1526 dictas
983 1493 1110 1526 litteras
1135 1492 1344 1534 apostolicas
1369 1493 1496 1532 statuit,
1521 1493 1702 1533 ordinavit,
1727 1493 1879 1526 decrevit
1902 1495 1935 1526 et
1959 1493 2066 1526 voluit
2090 1501 2154 1526 vos
2177 1493 2329 1528 facturos

505 1554 653 1596 perfecte
679 1557 711 1587 et
736 1555 958 1588 effectualiter
981 1555 1125 1595 faciatis,
1151 1557 1251 1597 prout
1276 1555 1319 1588 ad
1338 1564 1403 1588 vos
1416 1557 1448 1588 et
1463 1564 1740 1597 unumquemque
1754 1557 1903 1588 vestrum
1917 1555 2061 1598 pertinet
2073 1556 2262 1591 comuniter
2273 1556 2327 1591 vel

505 1617 654 1656 divisim,
679 1618 890 1659 eosdemque
916 1617 1066 1651 Priorem
1091 1619 1123 1651 et
1148 1618 1281 1651 Fratres
1305 1619 1422 1651 contra
1446 1619 1619 1658 statutum,
1637 1618 1821 1657 decretum,
1839 1618 2077 1652 ordinaciones
2090 1620 2123 1652 et
2135 1618 2329 1655 voluntates

505 1679 635 1721 prefata
659 1679 851 1713 nullatenus
875 1680 1062 1713 molestetis
1087 1689 1148 1712 nec
1173 1679 1305 1713 faciatis
1330 1679 1383 1712 vel
1409 1680 1529 1713 sinatis
1553 1680 1596 1713 ab
1621 1679 1697 1713 aliis
1722 1679 1903 1719 molestari,
1917 1680 2052 1722 sibique
2077 1681 2260 1723 quominus
2283 1689 2327 1716 ex

506 1742 636 1775 eisdem
661 1744 798 1782 statuto,
824 1743 971 1782 decreto,
997 1743 1275 1776 ordinacionibus
1300 1744 1333 1775 et
1357 1743 1590 1776 voluntatibus
1615 1744 1767 1784 optatum
1793 1745 1825 1776 et
1849 1743 2000 1776 debitum
2018 1745 2272 1786 consequantur
2283 1743 2333 1778 ef-

508 1804 645 1844 fectum,
682 1805 810 1837 nullum
847 1805 1126 1847 impedimentum
1162 1805 1216 1838 vel
1254 1805 1486 1838 resistenciam
1523 1805 1686 1845 inferatis,
1721 1814 1761 1838 ac
1798 1805 2020 1839 inferentibus
2044 1806 2098 1839 vel
2124 1805 2245 1840 inferre
2269 1816 2332 1841 vo-

509 1867 657 1900 lentibus
682 1877 748 1899 non
774 1868 862 1900 detis
887 1877 997 1910 neque
1022 1868 1181 1909 prestetis
1206 1876 1398 1908 assensum,
1423 1868 1600 1907 auxilium,
1632 1868 1812 1901 consilium
1838 1867 1892 1901 vel
1917 1868 2079 1908 favorem,
2104 1877 2165 1911 per
2188 1877 2253 1903 vos
2275 1869 2332 1903 vel

508 1930 611 1963 alium
651 1939 711 1963 seu
752 1930 849 1970 alios,
889 1931 1026 1970 directe,
1067 1930 1120 1963 vel
1161 1931 1334 1970 indirecte,
1374 1930 1511 1972 publice
1551 1930 1605 1963 vel
1645 1930 1778 1964 occulte
1802 1927 1864 1972 (1).
1904 1929 2065 1973 Alioquin
2105 1932 2270 1966 canonica
2300 1933 2335 1966 et

508 1993 723 2034 perhentoria
760 1993 950 2026 monicione
987 1994 1155 2035 premissa
1180 2002 1223 2026 ex
1249 2002 1337 2026 nunc
1363 1995 1462 2035 prout
1486 2002 1530 2026 ex
1555 1995 1645 2033 tunc,
1671 1994 1699 2026 si
1725 2002 1789 2026 vos
1817 1994 1954 2027 domine
1991 1993 2120 2034 Abbas,
2155 1994 2335 2036 premissis

510 2055 760 2088 monicionibus
796 2058 828 2088 et
868 2055 1037 2088 mandatis
1073 2056 1198 2088 nostris
1234 2055 1384 2097 plenarie
1409 2057 1543 2088 etcum
1579 2055 1700 2089 effectu
1737 2065 1804 2089 non
1836 2057 2026 2098 parueritis,
2063 2056 2095 2089 in
2132 2065 2197 2090 vos
2234 2057 2334 2091 acin

509 2126 628 2150 omnes
664 2119 696 2150 et
732 2117 897 2160 syngulos
930 2118 1016 2151 alios
1045 2118 1299 2160 suprascriptos
1339 2118 1396 2160 qui
1437 2118 1523 2160 ipsis
1561 2118 1812 2152 monicionibus
1837 2120 1870 2152 et
1893 2118 2063 2152 mandatis
2098 2118 2335 2160 inobedientes

510 2189 571 2213 seu
597 2180 864 2213 contradictores
889 2180 1012 2213 fuerint
1037 2180 1089 2213 vel
1116 2180 1271 2220 rebelles,
1297 2181 1544 2223 cuiuscumque
1569 2181 1794 2220 condicionis,
1826 2181 2000 2224 dignitatis
2025 2190 2086 2214 seu
2111 2181 2238 2224 gradus
2261 2181 2336 2216 exi-

510 2244 611 2281 stant,
636 2242 984 2282 excomunicacionis,
1010 2243 1042 2275 in
1068 2245 1273 2276 conventum
1299 2252 1380 2276 vero
1405 2243 1583 2285 prefatum,
1601 2244 1629 2276 si
1647 2252 1768 2276 omnes
1783 2243 1836 2276 vel
1855 2244 1961 2277 maior
1977 2252 2058 2286 pars
2074 2252 2190 2277 eorum
2203 2243 2334 2278 eisdem

511 2304 762 2337 monicionibus
787 2306 820 2337 et
846 2305 1014 2337 mandatis
1040 2304 1250 2347 neglexerint
1275 2305 1328 2337 vel
1354 2305 1620 2347 contempserint
1643 2305 1794 2344 obedire,
1818 2305 2069 2348 suspensionis.
2095 2305 2135 2338 Et
2149 2306 2335 2348 insuperin

511 2366 638 2399 dictum
664 2367 905 2399 monasterium
932 2367 1099 2399 interdicti
1125 2367 1318 2400 sentencias
1332 2367 1535 2409 proferimus
1549 2367 1581 2399 in
1596 2367 1661 2400 hiis
1675 2368 1822 2409 scriptis,
1847 2367 2069 2401 absolucione
2086 2377 2168 2401 vero
2183 2367 2334 2401 omnium

512 2431 544 2461 et
569 2429 789 2471 syngulorum
826 2429 883 2470 qui
920 2438 1023 2470 supra
1049 2429 1134 2462 latas
1159 2431 1191 2461 et
1216 2429 1448 2471 infrascriptas
1484 2430 1677 2463 sentencias
1713 2430 1766 2463 vel
1803 2429 1951 2472 aliquam
1988 2439 2102 2463 earum
2139 2430 2338 2464 incurrerint

513 2491 613 2524 nobis
638 2493 670 2524 et
695 2491 861 2532 superiori
888 2493 1003 2524 nostro
1028 2491 1262 2524 tantummodo
1299 2493 1470 2525 reservata
1487 2489 1549 2533 (2).
1578 2491 1732 2525 Prefatas
1755 2501 1892 2535 quoque
1918 2492 2045 2525 litteras
2068 2492 2278 2534 apostolicas
2300 2493 2334 2526 et

514 2555 691 2595 presentes
715 2562 829 2586 earum
855 2553 1021 2586 exibitore
1047 2553 1100 2586 vel
1126 2555 1302 2586 ostensore
1324 2554 1444 2594 invito,
1470 2554 1629 2588 nolumus
1642 2563 1706 2588 vos
1723 2554 1776 2588 vel
1794 2556 1944 2588 vestrum
1961 2554 2108 2597 aliquem
2126 2563 2187 2588 seu
2201 2554 2336 2598 aliquos

514 2615 704 2657 aliqualiter
728 2616 880 2655 detineri,
917 2616 1119 2648 contrarium
1156 2618 1268 2648 autem
1293 2616 1457 2649 facientes
1490 2616 1629 2658 prefatis
1653 2617 1838 2651 sentenciis
1861 2626 1922 2659 per
1946 2625 2010 2650 nos
2034 2616 2110 2650 latis
2135 2617 2212 2659 ipso
2234 2616 2336 2658 facto,

515 2677 667 2718 predicta
692 2678 856 2710 canonica
893 2677 1083 2710 monicione
1120 2678 1298 2719 premissa,
1335 2678 1494 2711 volumus
1530 2678 1718 2711 subiacere.
1743 2677 1867 2712 Verum
1893 2678 1921 2712 si
1946 2679 2129 2712 earundem
2155 2678 2338 2712 litterarum

515 2739 649 2780 copiam
691 2739 814 2772 habere
855 2740 1041 2779 volueritis,
1067 2749 1141 2772 eam
1171 2740 1272 2772 vobis
1311 2740 1526 2773 decernimus
1551 2740 1752 2780 faciendam,
1789 2741 1912 2774 vestris
1936 2742 2047 2774 tamen
2073 2741 2268 2783 sumptibus
2304 2741 2340 2774 et

574 2895 605 2922 (l)
620 2896 809 2918 Evidentemente
823 2897 853 2924 gli
870 2897 993 2919 Eremitani
1012 2903 1118 2919 avevano
1132 2897 1170 2924 gia
1191 2897 1322 2919 incontrato
1343 2897 1402 2919 delle
1457 2897 1501 2924 cio,
1517 2899 1606 2924 quanto
1621 2903 1662 2924 per
1676 2898 1699 2920 lo
1713 2898 1778 2920 stato
1797 2897 1916 2920 :normale
1936 2897 1996 2920 della
2017 2897 2074 2920 cina
2088 2898 2111 2920 di
2126 2897 2206 2925 Pavia,
2220 2898 2243 2920 Ιι
2257 2884 2335 2926 quale,

521 2940 575 2962 torti
591 2941 746 2967 opposizioni‚
763 2943 890 2968 provocate
905 2942 942 2963 dai
958 2942 1078 2969 principali
1093 2942 1239 2969 interemti,
1260 2942 1321 2964 onde
1335 2942 1355 2964 si
1370 2947 1405 2964 re-
1458 2947 1500 2969 per
1514 2942 1528 2964 il
1543 2947 1588 2964 suo
1603 2942 1750 2969 parteggiare
1770 2942 1899 2965 dictitanto
1913 2947 1955 2969 per
1969 2942 1992 2964 lo
2006 2943 2166 2965 scomuninto
2188 2942 2306 2965 Ludovioe
2318 2942 2335 2965 ll

522 2990 575 3006 sero
591 2985 721 3006 necessarie
736 2986 757 3007 le
772 2986 903 3012 perentorie
918 2986 1060 3008 intimazioni
1076 2987 1113 3008 del
1128 2986 1250 3009 cardinale
1268 2986 1362 3013 Legato.
1458 2985 1549 3007 Bavaro
1564 2987 1646 3008 contro
1661 2985 1774 3008 Giovanni
1788 2986 1857 3013 xxn,
1871 2985 1976 3008 favoris-n
1990 2986 2158 3008 minuit-neme
2168 2992 2214 3008 um
2223 2985 2336 3009 condutta

576 3028 607 3055 (2)
620 3029 709 3055 Queste
723 3030 787 3056 gravi
802 3030 912 3052 minaccie
926 3036 972 3052 non
982 3031 1068 3052 ebbero
1079 3032 1142 3053 tutto
1152 3031 1250 3053 l'eitetto
1260 3030 1402 3058 desiderato,
1457 3036 1502 3052 non
1517 3030 1606 3052 diremo
1620 3030 1697 3057 ostile,
1719 3035 1756 3052 ma
1770 3031 1908 3057 puramente
1928 3030 2023 3057 passiva
2037 3021 2151 3052 ln'danno
2171 3030 2232 3058 degli
2251 3029 2338 3054 Eremi-

523 3079 569 3095 non
580 3075 646 3095 tanto
656 3073 718 3095 forse
729 3079 770 3100 per
781 3074 848 3101 colpa
859 3074 881 3095 di
892 3074 971 3096 coloro
981 3075 1017 3097 cui
1029 3075 1048 3097 si
1059 3075 1176 3102 rivolgeva
1187 3075 1202 3097 il
1213 3075 1300 3103 Legato
1310 3075 1403 3102 poutiii-
1457 3074 1513 3097 tani.
