2496 3600
74 0 449 29 ,³⁵1³*ff‘ifflv-:vwff-ersssf‘s
491 14 510 24 -,
670 18 671 22 η
726 23 727 26 ¹
887 22 892 23 γ
946 21 956 25 ,,
1020 24 1023 31 i
1327 17 1341 22 .·
1379 15 1435 23 ν·
1484 24 1498 31 .,
1533 26 1538 31 .
1763 26 1766 27 ⁷

0 118 11 132 ,.

428 252 539 304 ‚3156

470 387 513 421 de
537 385 678 422 Oliariis
702 387 868 421 notarium
894 387 1092 432 papiensem
1109 382 1162 427 (l)
1185 385 1354 418 sindicum
1379 385 1412 418 et
1437 385 1688 427 procuratorem
1713 382 1851 423 Prioris,
1864 381 2015 418 Fratrum
2039 385 2072 418 et
2094 348 2195 419 Conv
2226 401 2229 415 ι
2250 378 2326 420 <r

472 449 715 484 Heremitarum
729 450 836 483 sancti
850 448 1031 491 Augustini
1046 447 1233 490 papiensis,
1245 446 1337 480 dicto
1350 446 1536 480 sindicario
1547 447 1581 480 et
1593 445 1826 488 procura⁴orio
1838 446 1974 480 nomine
1986 454 2030 480 ex
2047 449 2143 490 parte
2166 444 2327 484 alteras]
2318 467 2334 501 ξ.

473 511 507 546 111
531 512 658 554 quibus
682 511 819 554 quidem
837 511 951 545 causis
967 512 1000 544 et
1017 509 1267 552 questionibus,
1280 508 1394 542 oblate
1407 510 1439 542 et
1453 508 1617 551 producte
1630 507 1892 542 fueruntcoram
1909 509 2248 552 nobisetpredicto·

473 575 564 607 mino
587 573 722 607 Vicario
745 575 778 607 et
803 573 1027 615 subdelegato
1052 573 1169 605 nostro
1193 571 1260 605 due
1285 570 1472 613 peticiones
1489 569 1772 604 convencionales
1788 572 1905 604 contra
1929 572 1962 604 et
1984 571 2154 607 adversus
2169 562 2336 615 dictum
2335 603 2338 605 .

474 635 635 676 Priorem,
672 635 805 669 Fratres
829 637 862 669 et
886 633 1101 669 Conventum
1139 632 1383 667 Heremitarum
1409 633 1518 666 sancti
1543 631 1736 675 Augustini,
1761 633 1835 667 sive
1858 634 1975 668 contra
2011 633 2193 670 iohannem
2225 635 2335 685 ρης
2329 642 2343 672 2,

474 699 600 732 dictum
618 707 734 732 eorum
751 697 920 731 sindicum
938 698 971 730 et
988 697 1252 738 procuratorem,
1269 703 1385 729 eorum
1402 694 1587 728 sindicario
1603 697 1636 728 et
1653 695 1886 738 procuratorio
1917 696 2062 730 nomine.
2091 698 2123 731 et
2150 697 2218 732 due
2241 701 2333 746 ρος

475 761 617 794 ticiones
656 759 990 794 reconvencionalles
1026 767 1086 800 per
1121 759 1234 800 ipsum
1282 757 1463 791 iohannem
1499 757 1591 791 dicto
1626 757 1810 792 sindicario
1845 759 1879 792 et
1914 759 2147 800 procuratorio
2174 760 2265 795 1101111

478 825 594 856 0011113
611 823 815 856 etadversus
840 821 950 854 dictos
974 821 1134 854 dominos
1158 819 1326 854 Abbatem
1350 818 1546 854 Canonicos
1563 821 1596 853 et
1611 821 1817 854 conventum
1835 821 1944 854 sancti
1961 819 2063 862 Petri,
2080 821 2155 856 sive
2171 817 2330 869 dictumf'

478 884 651 919 Stefanum
670 893 786 918 eorum
804 884 974 917 sindicum
992 883 1084 916 dicto
1101 883 1285 917 sindicario
1298 884 1331 916 et
1347 883 1581 925 procuratorio
1598 883 1744 916 nomine.
1758 881 1910 923 Quorum
1927 883 2078 918 omnium
2096 885 2243 927 peticion
2278 875 2292 911 ξ’

477 950 573 981 tenor
597 948 638 980 de
665 948 769 980 verbo
805 947 848 980 ad
886 947 1025 979 verbum
1063 945 1204 979 inferius
1238 945 1453 986 describitur,
1478 947 1511 978 et
1535 945 1644 987 primo
1669 946 1848 988 peticionis
1884 946 1994 989 primo
2018 946 2094 981 loco
2117 947 2230 982 oblate
2252 964 2258 977 ε
2287 931 2324 980 s}

480 1011 573 1052 parte
610 1010 776 1043 dictorum
814 1008 971 1048 Abbatis,
996 1007 1246 1042 Canonicorum
1271 1010 1304 1041 et
1327 1009 1518 1041 conventus
1553 1009 1660 1042 sancti
1686 1007 1787 1048 Petri,
1823 1010 1939 1042 contra
1963 1009 2076 1044 dictos
2098 1008 2263 1050 Priorem,

480 1073 599 1105 fratres
635 1072 743 1105 sancti
781 1070 983 1114 Augustini:
1021 1071 1184 1111 secundo,
1222 1071 1400 1113 peticionis
1437 1070 1751 1104 reconvencionalis
1786 1071 1900 1104 oblate
1924 1079 1987 1114 pro
2010 1073 2105 1114 parte
2139 1072 2233 1107 dicto
2268 1064 2331 1115 ’Ξ

483 1134 610 1167 Prioris
635 1137 667 1167 et
695 1134 844 1167 Fratrum
882 1134 990 1167 sancti
1027 1133 1220 1176 Augustini,
1257 1134 1373 1166 contra
1409 1133 1520 1166 dictos
1544 1132 1703 1166 dominos
1727 1132 1907 1173 Abbatem,
1939 1132 2135 1168 Canonicos
2159 1137 2193 1169 et
2309 1133 2326 1142 ’“

478 1199 619 1234 ,ventum
645 1197 752 1230 sancti
779 1196 890 1230 Petri:
917 1197 1032 1236 tercio,
1069 1196 1249 1238 peticionis
1285 1183 1555 1229 conventionalis
1591 1196 1745 1229 secundo
1778 1195 1854 1229 loco
1889 1196 2003 1230 oblate
2028 1206 2091 1239 pro
2114 1199 2210 1240 parte

482 1261 647 1293 dictorum
672 1259 799 1292 domini
826 1258 982 1298 Abbatis‚
1007 1257 1257 1292 Canonicorum
1283 1260 1315 1291 et
1339 1259 1530 1292 conventus
1554 1258 1662 1292 sancti
1688 1257 1790 1298 Petri,
1806 1260 1922 1292 contra
1938 1259 2078 1293 eosdem
2103 1258 2254 1295 Priorem

482 1322 616 1364 Fratres
652 1323 684 1354 et
719 1323 924 1354 conventum
961 1322 1069 1354 sancti
1106 1320 1310 1363 Augustini:
1347 1322 1478 1362 quarto,
1515 1321 1689 1362 petitionis
1725 1321 2035 1355 reconventionalis
2058 1322 2213 1356 secundo

483 1384 597 1418 oblate
624 1393 684 1426 pro
710 1386 804 1426 parte
828 1384 994 1416 dictorum
1009 1382 1147 1422 prioris,
1164 1383 1302 1416 fratrum
1328 1384 1361 1416 et
1385 1384 1576 1416 conventus
1593 1383 1700 1416 sancti
1726 1382 1919 1426 Augustini,
1955 1385 2072 1417 contra
2107 1384 2220 1419 dictos
2260 1420 2262 1422 ,

486 1447 596 1479 minos
634 1446 814 1486 Abbatem,
851 1444 1046 1480 Canonicos
1082 1447 1114 1478 et
1149 1447 1354 1479 conventum
1391 1445 1499 1478 sancti
1526 1443 1614 1478 Petri
1641 1446 1673 1478 in
1699 1445 1785 1479 cello
1809 1454 1912 1479 aureo
1937 1446 2136 1488 papiensis:
2160 1444 2255 1487 Qu

488 1510 638 1542 omnium
657 1511 762 1548 tenor,
788 1511 820 1542 et
846 1509 1044 1542 successive
1070 1510 1106 1541 ut
1130 1509 1340 1550 exprimitur,
1358 1508 1512 1549 sequitur
1529 1508 1561 1540 in
1580 1508 1642 1541 hec
1660 1508 1786 1542 verba:

580 1572 613 1604 111
640 1572 774 1604 nomine
799 1571 946 1604 Domini.
2271 1609 2274 1610 ⁷
2322 1612 2327 1622 ι

579 1635 685 1667 Vobis
710 1637 742 1667 et
768 1644 880 1667 coram
907 1635 1006 1667 vobis
1033 1634 1217 1667 venerabili
1244 1635 1316 1667 viro
1341 1634 1480 1667 domino
1513 1634 1675 1676 magistro
1710 1632 1896 1674 Guillelmo
1919 1635 1963 1668 de
1986 1633 2167 1675 Cremona,
2190 1623 2338 1684 Dein?

487 1698 677 1739 apostolice
703 1697 796 1730 sedis
821 1698 936 1739 gracia
962 1697 1135 1739 Episcopo
1171 1697 1327 1739 papiensi
1364 1699 1397 1730 et
1432 1698 1566 1736 comite,
1603 1699 1843 1730 conservatore
1877 1699 1911 1731 et
1946 1698 2057 1732 iudice
2097 1707 2159 1740 per
2255 1686 2268 1692 *⁵

489 1761 714 1802 apostolicam
747 1760 910 1802 deputato
943 1759 1066 1793 Abbati
1099 1758 1285 1793 Canonicis
1310 1762 1343 1793 et
1367 1758 1528 1802 Capitulo
1560 1760 1754 1793 monasterii
1788 1761 1896 1794 sancti
1922 1759 2011 1794 Petri
2037 1761 2070 1794 in
2095 1760 2182 1795 cello
2220 1777 2235 1789 ,ι

492 1824 2357 1868 papiensis:

580 1886 720 1926 Asserit,
747 1887 925 1929 significat,
951 1888 1110 1929 proponit
1135 1889 1166 1921 et
1191 1888 1272 1920 dicit
1296 1886 1456 1921 Stefanus
1480 1887 1523 1920 de
1541 1886 1739 1927 Panizariis,
1764 1887 1918 1920 sindicus
1934 1889 1968 1920 et
1984 1888 2193 1929 procurator,
2209 1885 2281 1923 sin
2286 1892 2290 1910 ³
2373 1929 2376 1932 ι

489 1949 581 1982 cario
606 1952 638 1982 et
663 1951 895 1991 procuratorio
921 1951 1055 1983 nomine
1080 1951 1208 1983 domini
1233 1950 1389 1990 Abbatis‚
1404 1948 1655 1984 Canonicorum
1673 1952 1707 1983 et
1723 1948 1873 1992 Capituli
1890 1950 2083 1983 monasterii
2101 1949 2210 1984 sancti
2226 1933 2348 1985 ΡΜ

491 2012 523 2044 111
549 2012 634 2044 00110
659 2021 762 2045 aureo
788 2013 975 2054 papiensis,
1001 2013 1134 2056 agendo
1159 2015 1192 2046 et
1209 2022 1308 2056 agere
1334 2013 1482 2046 volendo·
1499 2013 1591 2046 dicto
1605 2013 1740 2046 nomine
1752 2014 1868 2046 contra
1881 2011 2043 2052 Priorem,
2057 2009 2350 2050 111-3110801011

492 2074 635 2116 pitulum
663 2075 907 2108 Heremitarum
932 2077 974 2109 de
1000 2078 1120 2109 sancto
1145 2075 1338 2118 Augustino
1363 2077 1395 2109 et
1413 2077 1530 2109 contra
1546 2062 2352 2121 (111311101111111110ρο130113111ρ100181111111110ἰᾶ

495 2137 666 2179 legiptime
691 2139 980 2178 intervenientem,
1006 2139 1152 2171 dicendo
1177 2139 1289 2172 dictus
1314 2139 1480 2178 sindicus,
1504 2138 1597 2171 dicto
1622 2139 1768 2177 nomine,
1793 2138 1886 2180 quod
1904 2138 1984 2170 dum
2002 2137 2214 2180 longissimis
2235 2138 2282 2171 t
2291 2124 2354 2191 ⁴⁷

494 2200 636 2241 poribus
673 2202 859 2240 retroactis,
895 2211 974 2243 ymo
1011 2211 1069 2243 per
1105 2203 1232 2234 tantum
1269 2201 1432 2243 temporis
1468 2202 1628 2243 spatium,
1653 2201 1750 2234 cuius
1776 2201 1866 2234 inicii
1892 2201 2053 2234 memoria
2077 2209 2146 2234 non
2169 2198 2349 2243 mrtasifizgz.

493 2263 614 2295 fuisset
639 2264 671 2295 in
697 2265 954 2305 possessionem
982 2264 1034 2297 vel
1061 2265 1159 2306 quasi
1185 2264 1394 2306 percipiendi
1420 2264 1619 2297 oblaciones
1644 2265 1677 2296 et
1701 2263 1876 2302 funeralia,
1901 2271 1968 2305 que
1993 2263 2119 2296 fiebant
2153 2255 2245 2297 dicte
2266 2253 2350 2299 eon}

495 2325 598 2358 clesie
624 2327 731 2359 sancti
757 2325 845 2359 Petri
872 2327 945 2359 sive
970 2328 1077 2359 sancti
1104 2326 1296 2368 Augustini,
1321 2328 1388 2359 tam
1415 2335 1476 2368 pro
1500 2326 1685 2368 sepulturis
1699 2334 1878 2368 corporum
1903 2334 1970 2368 que
1995 2325 2041 2358 ibi
2066 2326 2109 2359 ad
2134 2325 2230 2368 predi
2263 2339 2277 2353 κ
2299 2327 2344 2369 ζ

495 2388 685 2427 ecclesiam,
711 2389 784 2421 sive
811 2389 842 2421 in
869 2389 1034 2422 cimiterio
1059 2389 1169 2430 ipsius
1194 2389 1349 2428 ecclesie,
1375 2388 1639 2431 sepeliebantur,
1664 2397 1767 2430 quam
1803 2389 1911 2422 eciam
1948 2397 2011 2430 pro
2045 2387 2218 2430 quibuscu
2239 2403 2243 2418 v
2262 2401 2268 2415 ·

496 2451 633 2483 causis:
660 2451 801 2492 predicti
828 2451 934 2491 Prior,
961 2451 1093 2484 Fratres
1118 2453 1149 2484 et
1174 2450 1371 2493 Capitulum
1409 2451 1653 2484 Heremitarum
1690 2460 1732 2484 ex
1771 2460 1837 2484 una
1861 2453 1968 2493 parte,
1992 2453 2025 2484 et
2049 2450 2170 2493 prefati
2194 2449 2240 2484 do

497 2512 616 2546 Abbas
641 2515 673 2546 et
698 2512 874 2553 Canonici,
899 2522 960 2547 seu
987 2514 1170 2555 capitulum
1196 2514 1276 2547 dicti
1303 2514 1497 2547 monasterii
1523 2523 1567 2547 ex
1585 2513 1690 2547 altera
1707 2515 1813 2555 parte,
1831 2513 2080 2555 subsequenter
2097 2521 2247 2555 pervene
2310 2555 2311 2558 ¹

499 2576 542 2608 ad
568 2578 659 2609 certa
685 2579 784 2618 pacta
810 2579 988 2619 certasque
1013 2578 1267 2610 convenciones
1293 2578 1325 2609 111
1351 2577 1478 2618 quibus
1503 2577 1637 2610 videtur
1661 2577 1837 2616 contineri,
1865 2576 1959 2618 quod
1992 2575 2241 2616 medietasiu

498 2638 715 2671 oblacionum
740 2641 772 2672 et
797 2639 1011 2679 funeralium,
1047 2649 1114 2681 que
1150 2641 1229 2672 tunc
1256 2640 1288 2672 in
1314 2639 1464 2672 futurum
1489 2639 1559 2672 fieri
1596 2640 1831 2682 contingerent
1867 2639 1932 2680 ipsi
1970 2638 2127 2678 ecclesie,
2158 2638 2202 2671 ad
2226 2646 2274 2671 iu

499 2701 632 2734 Fratres
656 2703 688 2734 et
702 2700 910 2744 ,Capitulum
936 2702 1180 2735 Heremitarum
1194 2711 1256 2744 pro
1275 2702 1454 2735 medietate
1469 2701 1622 2744 predicta
1647 2701 1847 2744 pertineant,
1864 2703 1897 2734 et
1913 2701 1957 2734 ad
1975 2701 2149 2743 predictos
2165 2700 2244 2734 dom
2268 2710 2305 2728 wi
2334 2688 2350 2726 5³3ss

499 2763 666 2797 Abbatem
691 2762 887 2798 Canonicos
911 2767 944 2798 et
969 2767 1174 2798 conventum
1213 2774 1274 2807 pro
1310 2765 1414 2798 altera
1451 2765 1653 2804 medietate;
1690 2764 1817 2817 quibus
1841 2763 1952 2806 pactis
1976 2765 2008 2796 et
2032 2759 2342 2796 0οηνο11010111’

502 2836 568 2859 11011
594 2827 823 2868 obstantibus,
849 2828 990 2870 predicti
1017 2827 1113 2861 Prior
1137 2830 1169 2861 et
1187 2826 1388 2870 ,Capitulum
1414 2828 1493 2861 dicti
1519 2826 1659 2860 Ordinis
1684 2826 1941 2866 Heremitarum,
1957 2825 2150 2859 oblationes
2173 2827 2207 2859 et
2266 2841 2281 2856 -z
2301 2816 2358 2868 ‘f‘

485 2934 506 2936 ᾗ
525 2934 748 2938 γᾼᾲγ-,ῌ
1456 2936 1458 2938 ,
2301 2922 2330 2948 πή

562 3002 592 3027 (1)
607 3002 720 3025 Giovanni
736 3003 829 3026 oleario
844 3006 997 3042 procuratore
1012 3005 1072 3032 degli
1088 3005 1213 3027 Eremitani
1228 3010 1268 3027 era
1282 3009 1326 3026 con
1349 3003 1392 3026 Ca-
1446 3003 1564 3026 03103130
1578 2985 1692 3030 visconti,
1706 3003 1743 3026 del
1758 3003 1828 3031 quale
1841 3002 1857 3024 Ι·
1859 3008 1906 3026 11110
1919 3003 1984 3025 stese
1998 3002 2013 3024 ll
2027 3003 2180 3030 testamento,
2194 3002 2210 3024 l'
2217 3002 2280 3026 alm
2291 2997 2356 3053 Ιῄὲᾴ*

508 3046 586 3068 telano
601 3038 710 3068 Cristiani
725 3053 771 3069 uno
787 3048 823 3069 dei
839 3038 878 3075 plu
894 3048 998 3075 cospicui
1013 3049 1077 3071 110131
1092 3049 1130 3071 del
1144 3048 1249 3076 Collegio
1259 3047 1349 3071 Pavese
1359 3048 1388 3070 ed
1443 3048 1558 3071 codicillo.

509 3096 580 3113 erano
594 3091 710 3114 ambedue
724 3091 925 3118 trequentemente
940 3088 1049 3120 occupati
1065 3093 1124 3116 nella
1145 3093 1280 3116 cancelleria
1295 3093 1318 3115 di
1333 3093 1392 3116 Gian
1436 3120 1439 3123 ἱ
