2496 3600
1988 258 2032 290 45

210 388 245 421 et
266 384 462 420 canonicos
485 385 659 428 predictos
682 394 727 418 ex
751 387 846 427 parte
871 395 948 426 una,
973 387 1007 419 et
1030 385 1163 420 Fratres
1187 386 1339 428 prefatos
1355 396 1399 420 ex
1416 387 1493 427 alia,
1519 388 1729 431 contingeret
1753 389 1901 431 aliquam
1926 392 2036 424 ambi-

210 448 371 492 guitatem
395 447 484 487 oriri,
509 456 614 489 super
636 447 702 480 hiis
726 447 905 480 ordinandi
930 448 1016 481 inter
1039 457 1117 481 sese
1141 450 1242 490 prout
1265 449 1316 482 eis
1340 449 1511 482 videbitur
1534 450 1709 492 expedire,
1745 451 1874 484 eisdem
1908 451 2032 485 Abbati

211 510 244 543 et
267 507 452 543 Canonicis
476 509 509 541 et
533 508 716 548 Fratribus,
741 517 803 550 per
825 509 952 542 dictum
977 518 1146 542 summum
1171 509 1370 543 Pontificem
1395 511 1439 544 sit
1463 511 1599 544 licentia
1623 511 1774 554 elargita,
1799 515 1899 554 prout
1923 513 1956 545 in
1982 514 2035 546 lit-

209 570 292 604 teris
326 569 468 612 predicti
505 570 711 603 sanctissimi
735 570 842 612 patris
866 571 899 603 et
922 571 1049 603 domini
1086 571 1213 604 domini
1250 571 1409 605 Iohannis
1445 572 1538 614 Pape
1574 573 1730 615 vigesimi
1767 574 1921 614 secundi,
1957 584 2034 607 cum

210 632 314 666 corda
338 633 409 665 sete
434 640 554 665 crocee
579 633 611 665 et
635 632 750 672 rubee,
775 641 856 665 vera
880 633 973 666 bulla
1009 633 1169 675 plumbea
1205 634 1315 675 ipsius
1355 634 1482 667 domini
1507 634 1601 676 Pape
1627 635 1775 675 bullatis,
1801 645 1867 668 non
1893 637 2031 676 vitiatis,

211 703 279 727 non
302 693 511 734 cancellatis,
535 703 602 726 non
627 694 775 734 abolitis,
800 703 863 727 nec
888 695 920 727 in
945 695 1060 736 aliqua
1084 696 1137 728 sui
1163 698 1257 737 parte
1283 697 1466 738 suspectis,
1491 697 1580 730 datis
1605 696 1773 730 Avenioni
1798 699 2035 731 tertiodecimo

210 755 427 790 calendarum
452 755 635 796 Februarii,
660 755 883 789 Pontificatus
918 757 1072 790 eiusdem
1109 755 1322 791 Sanctissimi
1359 757 1470 791 Patris
1494 768 1586 792 anno·
1609 760 1800 800 undecimo,
1825 760 1887 793 hec
1913 762 1945 793 et
1969 760 2036 793 alia

211 818 376 851 seriosius
401 818 632 851 continentur:

300 878 414 912 Frater
438 878 619 922 Philippus
643 880 752 913 abbas
776 881 857 913 dicti
883 882 1089 921 monasterii,
1129 882 1357 923 presentibus,
1395 882 1590 916 volentibus
1622 885 1654 916 et
1678 884 1708 916 ei
1741 884 2036 917 consentientibus

210 941 244 974 in
268 941 428 974 omnibus
452 943 484 974 et
509 941 654 984 singulis
690 942 915 984 infrascriptis
953 943 1053 976 fratre
1090 941 1225 983 Carolo‚
1261 944 1362 977 fratre
1387 944 1554 985 Rubaldo,
1578 945 1679 978 fratre
1704 944 1910 986 Christiano,
1934 946 2036 979 fratre

208 1002 360 1037 oliverio
384 1005 417 1036 et
440 1003 540 1037 fratre
565 1002 726 1046 Georgio,
751 1005 926 1038 canonicis
951 1005 1031 1038 dicti
1058 1006 1264 1046 monasterii,
1291 1006 1418 1039 ibidem
1436 1007 1478 1040 de
1497 1008 1657 1040 mandato
1679 1008 1759 1041 dicti
1778 1007 1923 1041 Abbatis
1940 1018 2032 1041 more

210 1065 310 1099 solito
347 1065 571 1108 infrascriptis
596 1066 638 1099 de
663 1067 778 1099 causis
803 1067 846 1100 ad
871 1067 1057 1109 capitulum
1094 1068 1293 1101 convocatis
1318 1070 1351 1101 et
1375 1071 1602 1112 congregatis,
1631 1072 1663 1103 et
1688 1071 1746 1112 qui
1772 1071 1926 1104 canonici
1953 1073 2031 1104 sunt

210 1137 328 1161 omnes
353 1128 386 1160 in
411 1128 488 1169 ipso
513 1124 718 1161 monasterio
743 1129 950 1162 residentes:
976 1129 1016 1162 Et
1041 1130 1106 1171 ipsi
1132 1130 1286 1163 canonici
1313 1140 1379 1164 una
1404 1140 1480 1164 cum
1505 1132 1597 1165 dicto
1621 1133 1756 1172 abbate,
1775 1133 1909 1166 nomine
1935 1135 1967 1166 et
1992 1142 2035 1166 ex

209 1191 303 1232 parte
328 1190 522 1227 monasterii
562 1190 728 1231 prelibati,
765 1199 808 1223 ex
845 1193 939 1232 parte
980 1200 1063 1224 una:
1089 1191 1130 1224 Et
1154 1191 1335 1234 religiosus
1360 1193 1411 1225 vir
1434 1193 1536 1226 frater
1560 1192 1765 1227 Guillelmus
1797 1195 1839 1227 de
1866 1193 2034 1228 Cremona

210 1249 307 1284 Prior
322 1251 490 1293 generalis
508 1250 647 1284 Ordinis
672 1251 892 1285 Eremitarum
918 1253 1007 1286 beati
1025 1252 1217 1295 Augustini,
1235 1254 1463 1295 presentibus,
1481 1255 1676 1288 volentibus
1694 1258 1726 1288 et
1743 1257 2037 1290 consentientibus

210 1313 369 1346 omnibus
393 1315 426 1346 et
450 1313 594 1355 singulis
630 1314 864 1355 infrascriptis,
900 1314 1000 1347 fratre
1037 1315 1225 1348 Lanfranco
1249 1316 1292 1349 de
1317 1316 1517 1349 Mediolano
1555 1318 1587 1349 in
1624 1327 1722 1350 sacra
1758 1318 1930 1361 theologia
1966 1328 2039 1352 ma-

211 1374 327 1417 gistro,
351 1374 451 1407 fratre
476 1374 641 1409 Rainaldo
666 1375 708 1408 de
733 1375 849 1408 Brixia
885 1376 996 1418 priore
1032 1377 1233 1418 provinciali
1270 1379 1446 1419 provincie
1483 1379 1695 1419 Lombardie,
1719 1380 1819 1413 fratre
1845 1380 1969 1413 Iacobo
1994 1381 2036 1413 de

211 1434 320 1476 Senis,
344 1436 427 1469 frate
453 1435 650 1470 Guarducio
674 1437 716 1470 de
741 1437 884 1477 Fulinio,
908 1438 1008 1471 fratre
1033 1438 1172 1472 Albrico
1196 1440 1239 1473 de
1265 1439 1448 1480 Placentia,
1483 1440 1584 1473 fratre
1617 1440 1717 1474 Petro
1742 1440 1839 1481 Cota,
1863 1442 1963 1475 fratre
1989 1442 2039 1475 Ia-

210 1507 299 1540 eopo
323 1496 520 1540 Cagaveina
555 1499 597 1532 de
633 1499 842 1539 Mediolano,
882 1500 982 1533 fratre
1007 1500 1128 1535 Rufino
1164 1502 1207 1535 de
1243 1502 1427 1542 Placentia,
1451 1503 1551 1536 fratre
1592 1502 1785 1546 Augustino
1810 1505 1851 1537 de
1878 1505 2037 1544 Novaria,

210 1559 311 1593 fratre
337 1560 484 1594 Iohanne
509 1561 551 1594 de
577 1561 786 1602 Mediolano,
811 1562 911 1595 fratre
937 1562 1084 1596 Iohanne
1110 1564 1151 1597 de
1177 1563 1294 1606 Papia,
1319 1565 1420 1598 fratre
1446 1565 1609 1598 Bonadeo
1627 1566 1669 1598 de
1687 1565 1884 1608 Aliprandis
1902 1567 1943 1599 de
1962 1567 2038 1600 Me-

210 1621 348 1655 diolano
372 1624 404 1655 et
426 1622 527 1655 fratre
552 1622 751 1656 Anselmino
775 1624 818 1657 de
843 1624 1052 1665 Mediolano,
1088 1625 1248 1659 fratribus
1284 1627 1365 1660 dicti
1402 1626 1541 1660 Ordinis
1567 1627 1798 1668 Eremitarum,
1836 1629 1961 1661 ibidem
1995 1629 2037 1662 de

209 1683 368 1716 mandato
392 1684 473 1717 dicti
499 1683 626 1717 Prioris
662 1684 841 1719 Generalis
877 1696 968 1719 more
1005 1687 1106 1720 solito
1141 1688 1184 1721 ad
1218 1689 1403 1730 capitulum
1440 1690 1639 1722 convocatis
1676 1691 1708 1722 et
1733 1691 1950 1732 congregatis
1975 1700 2037 1732 pro

211 1745 425 1788 infrascripto
461 1747 604 1789 negocio
629 1748 823 1789 specialiter
846 1749 1053 1791 peragendo,
1079 1751 1111 1782 et
1135 1750 1215 1783 dicti
1242 1750 1385 1791 Fratres,
1411 1761 1478 1784 una
1503 1761 1579 1784 cum
1604 1751 1720 1785 Priore
1738 1751 1896 1785 Generali
1914 1755 1947 1785 et
1964 1753 2038 1786 eius

33 1818 35 1828 r
115 1809 116 1812 ’
151 1824 156 1828 -
211 1807 380 1848 mandato,
405 1809 540 1841 nomine
565 1811 598 1842 et
622 1818 665 1842 ex
690 1812 784 1851 parte
809 1811 913 1844 totius
938 1810 1078 1845 Ordinis
1103 1812 1323 1846 Eremitarum
1341 1822 1384 1846 ex
1410 1813 1476 1846 alia
1494 1815 1613 1855 parte:

299 1869 461 1903 Volentes
485 1873 518 1914 et
542 1872 719 1913 cupientes
744 1873 945 1906 unanimiter
968 1875 1000 1906 et
1025 1875 1247 1915 concorditer,
1285 1877 1320 1908 ut
1343 1875 1510 1909 fraternus
1535 1885 1638 1916 amor,
1665 1879 1700 1910 ut
1723 1877 1836 1917 debet,
1872 1879 2039 1919 perpetuo

210 1931 324 1974 vigeat
347 1933 433 1965 inter
455 1942 526 1973 eos,
552 1934 637 1966 inter
661 1943 738 1967 sese
762 1934 915 1968 fecerunt
939 1938 1049 1977 pacta,
1090 1937 1332 1978 ordinationes,
1369 1939 1597 1980 promisiones
1621 1941 1654 1972 et
1678 1939 1905 1982 obligationes
1938 1942 2038 1982 prout

210 1993 350 2027 inferius
374 1995 589 2028 continetur:

298 2055 411 2089 Primo
435 2056 605 2097 videlicet,
631 2061 864 2092 convenerunt
888 2061 920 2092 et
945 2061 1192 2101 promisserunt
1228 2061 1395 2103 solempni
1432 2062 1652 2104 stipulatione
1689 2063 1769 2096 dicti
1803 2063 1900 2096 Prior
1923 2063 2037 2097 Oene-

210 2117 289 2150 ralis
313 2119 346 2151 et
370 2117 503 2151 Fratres
527 2119 607 2152 dicti
633 2118 773 2153 Ordinis
799 2120 1030 2161 Eremitarum,
1056 2123 1190 2155 nomine
1216 2123 1326 2165 ipsius
1350 2122 1500 2164 Ordinis,
1538 2125 1701 2166 predictis
1737 2125 1875 2158 domino
1911 2125 2036 2159 Abbati

209 2181 242 2212 et
265 2178 461 2220 Canonicis‚
486 2189 602 2214 eorum
627 2182 762 2215 nomine
787 2185 819 2216 et
844 2184 979 2216 nomine
1004 2184 1084 2217 dicti
1110 2186 1304 2218 monasterii
1341 2186 1586 2228 recipientibus
1614 2189 1647 2220 et
1671 2187 1892 2229 solempniter
1927 2189 2036 2230 stipu-

209 2241 378 2275 lantibus:
403 2241 504 2281 Quod
531 2244 596 2285 ipsi
621 2244 754 2278 Fratres
779 2244 918 2278 Ordinis
942 2245 1162 2279 Eremitarum
1199 2246 1313 2280 Sancti
1339 2247 1520 2290 Augustini
1546 2249 1639 2281 nullo
1663 2251 1815 2291 tempore
1840 2250 1882 2282 de
1909 2252 2033 2290 cetero,

209 2312 270 2345 per
292 2313 330 2337 se
355 2305 408 2338 vel
434 2306 626 2339 submissas
651 2316 817 2348 personas
841 2309 976 2341 nomine
1001 2309 1082 2342 dicti
1107 2308 1246 2342 Ordinis
1260 2310 1386 2343 directe
1411 2310 1466 2343 vel
1483 2311 1656 2351 indirecte,
1674 2312 1774 2344 tacite
1792 2312 1845 2344 vel
1860 2321 2036 2354 expresse,

209 2367 452 2408 quoquomodo
465 2376 526 2400 seu
541 2369 665 2409 quovis
678 2369 851 2410 exquisito
865 2370 989 2410 colore,
1014 2371 1154 2413 gratiam
1179 2371 1328 2413 aliquam
1353 2371 1407 2405 vel
1425 2372 1639 2415 privilegium
1665 2373 1803 2415 aliquod
1830 2374 1862 2406 in
1887 2374 2035 2416 generali

209 2427 262 2460 vel
287 2427 320 2460 in
345 2429 486 2470 speciali
511 2430 739 2471 impetrabunt
763 2440 782 2464 a
807 2440 990 2473 quoquam,
1016 2433 1048 2465 in
1074 2432 1225 2467 Romana
1238 2431 1342 2466 Curia
1359 2434 1412 2466 vel
1437 2434 1529 2474 alibi,
1555 2444 1598 2467 ex
1623 2444 1692 2476 quo
1710 2435 1762 2468 vel
1781 2436 1907 2476 quibus
1925 2436 2036 2476 possit

208 2489 241 2522 in
280 2489 395 2532 aliquo
430 2491 585 2534 derogari
622 2492 846 2533 libertatibus,
885 2494 1084 2537 privilegiis,
1124 2495 1358 2538 dignitatibus,
1395 2497 1508 2536 statui,
1549 2497 1736 2530 honoribus
1761 2499 1793 2529 et
1818 2497 1949 2530 iuribus
1974 2497 2036 2530 ali-

207 2551 334 2593 quibus
358 2552 439 2585 dicti
464 2552 610 2586 Abbatis
634 2555 667 2586 et
691 2552 942 2588 Canonicorum
968 2564 1106 2589 suorum
1131 2557 1189 2598 qui
1215 2566 1304 2590 nunc
1329 2559 1418 2597 sunt,
1430 2558 1490 2590 vel
1516 2558 1572 2599 qui
1598 2567 1659 2600 per
1682 2560 1835 2600 tempora
1859 2560 1965 2591 erunt.
1992 2558 2034 2592 Et

207 2612 236 2646 si
261 2613 439 2656 eontigerit
463 2614 575 2648 dictos
600 2615 733 2649 Fratres
758 2615 898 2650 Ordinis
923 2617 1154 2658 Eremitarum,
1180 2628 1241 2660 per
1257 2628 1294 2652 se
1313 2619 1366 2652 vel
1385 2620 1577 2652 submissas
1602 2629 1780 2661 personas,
1805 2620 1858 2653 vel
1884 2620 2032 2662 aliquem

207 2683 251 2707 ex
275 2675 325 2708 eis
350 2676 484 2709 nomine
509 2677 589 2710 dicti
615 2676 766 2717 Qrdinis,
791 2679 969 2720 impetrare
994 2681 1027 2712 et
1051 2681 1203 2716 obtinere
1228 2681 1376 2723 aliquam
1401 2682 1541 2724 gratiam
1567 2682 1620 2714 vel
1646 2682 1861 2724 privilegium
1893 2682 2032 2724 aliquod

207 2745 251 2769 ex
275 2746 344 2779 quo
369 2738 422 2771 vel
448 2739 574 2780 quibus
610 2740 721 2781 possit
745 2740 900 2783 derogari
926 2743 961 2774 ut
985 2750 1100 2783 supra,
1125 2745 1357 2777 convenerunt
1389 2745 1421 2776 et
1446 2744 1692 2785 promisserunt
1727 2744 1807 2776 dicti
1845 2744 1941 2777 Prior
1965 2743 2034 2778 Ge-

208 2799 331 2832 neralis
355 2801 388 2833 et
413 2799 545 2834 Fratres
559 2802 639 2834 dicti
653 2801 793 2835 Ordinis
811 2802 1041 2843 Eremitarum,
1067 2805 1202 2838 nomine
1219 2805 1300 2837 dieti
1326 2804 1476 2844 Ordinis,
1492 2806 1621 2838 eisdem
1639 2805 1764 2839 Abbati
1789 2808 1822 2839 et
1846 2805 2031 2841 Canonicis

207 2860 298 2894 dicto
322 2863 456 2896 nomine
471 2863 714 2905 stipulantibus
727 2866 760 2897 et
774 2865 1028 2906 recipientibus,
1045 2867 1138 2908 quod
1153 2867 1241 2899 idem
1256 2866 1352 2900 Prior
1376 2866 1565 2907 Generalis,
1591 2868 1726 2901 nomine
1762 2869 1843 2902 dicti
1880 2868 2030 2909 Ordinis,

207 2931 283 2956 cum
307 2923 422 2958 debita
447 2925 529 2958 iuris
553 2926 802 2968 solempnitate,
828 2927 913 2968 ipsis
938 2928 1043 2969 gratie
1068 2930 1101 2961 et
1126 2929 1337 2971 privillegiis,
1374 2938 1440 2971 que
1466 2931 1501 2962 ut
1525 2930 1727 2971 premittitur
1763 2931 2032 2973 impetrabuntur

209 2985 242 3018 et
265 2985 517 3027 obtinebantur,
543 2989 575 3020 et
599 2988 759 3021 omnibus
783 2990 815 3022 et
839 2989 1141 3033 singulis-iuribus
1166 2999 1232 3032 que
1258 2991 1302 3023 ob
1317 2991 1350 3023 id
1365 2991 1495 3024 eisdem
1512 2991 1673 3026 fratribus
1691 2992 1892 3026 Eremitanis
1910 2995 2028 3035 acqui-

206 3048 328 3087 rentur,
353 3049 539 3091 resignabit
563 3051 595 3082 et
621 3051 825 3084 renuntiabit
849 3052 1133 3094 quotiescumque
1158 3053 1268 3085 eidem
1294 3051 1400 3085 Priori
1426 3062 1487 3095 per
1511 3053 1678 3087 Abbatem
1715 3055 1795 3088 dicti
1821 3057 2027 3096 monasterii,

207 3107 260 3142 vel
285 3117 346 3151 per
368 3110 443 3144 eius
466 3110 676 3153 legiptimum
701 3112 869 3146 sindicum
894 3115 951 3146 aut
976 3114 1135 3147 nuncium
1161 3115 1225 3147 hoc
1249 3114 1348 3148 fuerit
1365 3115 1616 3156 denunciatum,
1641 3118 1673 3150 et
1697 3126 1740 3150 ex
1758 3126 1847 3151 nunc
1861 3118 2029 3152 renuntiat
