2496 3600
1955 270 2020 302 219

994 555 1234 597 CXXIX.

295 663 483 693 Bonifacio
507 663 567 699 IX,
593 664 812 694 riformando
837 665 870 694 Ie
895 669 1063 694 sentenze
1088 665 1145 694 del
1170 666 1338 695 Vescovo
1375 665 1577 702 Guglielmo
1602 674 1620 694 e
1645 665 1703 694 del
1739 665 1928 695 Cardinale
1954 666 2020 695 Co-

189 721 336 766 'smato‚
362 717 450 746 fissa
475 716 508 746 le
531 725 654 747 norme
689 718 734 747 da
771 718 924 755 seguirsi
959 718 1054 748 dalle
1090 719 1156 748 due
1193 718 1381 748 Comunita
1415 719 1473 747 nel
1509 718 1666 748 servizio
1690 727 1709 748 e
1733 718 1815 748 nell'
1831 727 1897 748 uso
1929 719 2023 748 della

206 770 338 801 chiesa
354 767 415 811 (1).

872 868 1028 900 1400,
1057 868 1258 900 aprile,
1287 869 1362 893 21.

684 955 762 980 (Arcti.
778 955 800 976 di
816 954 892 982 Staio,
907 955 1004 977 Milano.
1020 966 1046 970 —
1062 955 1130 977 Libro
1146 955 1221 979 Rosso
1236 955 1258 977 di
1274 955 1297 978 S.
1314 955 1339 977 Ρ,
1355 956 1378 977 in
1393 955 1441 978 Ciel
1457 955 1547 981 d'oro).

284 1137 385 1256 B
444 1094 651 1184 {ONIFATIUS
676 1153 862 1194 episcopus
887 1161 1008 1185 servus
1045 1161 1219 1185 servorum
1245 1151 1306 1185 Dei
1332 1153 1374 1185 ad
1401 1153 1545 1185 futuram
1571 1153 1617 1185 rei
1643 1153 1847 1186 memoriam.
1873 1152 1938 1185 Pro
1956 1153 2026 1185 sin-

474 1214 629 1256 gulorum
654 1215 803 1247 fidelium
828 1216 1004 1256 presertim
1032 1215 1264 1257 religiosarum
1289 1223 1509 1256 personarum
1535 1216 1624 1247 statu
1646 1215 1824 1247 salubriter
1847 1215 2025 1256 dirigendo

474 1278 574 1318 prout
599 1286 642 1309 ex
668 1277 807 1309 iniuncti
845 1278 944 1310 nobis
973 1287 992 1310 a
1017 1276 1163 1310 Domino
1190 1277 1371 1319 pastoralis
1396 1277 1492 1308 offitii
1517 1277 1633 1309 debito
1658 1278 1819 1316 tenemur,
1837 1276 2024 1318 apostolice

207 1340 492 1372 considerationis
517 1339 672 1372 intuitum
698 1340 922 1372 extendentes
947 1349 1006 1381 per
1031 1349 1096 1381 que
1121 1348 1342 1381 personarum
1380 1340 1572 1371 sanctarum
1599 1339 1640 1371 de
1665 1339 1837 1371 scandalis
1869 1339 2026 1371 obviatur

205 1403 238 1435 et
262 1403 412 1444 ipsarum
437 1402 541 1443 quieti
567 1403 599 1434 et
623 1402 855 1443 tranquillitati
885 1402 1083 1441 consulitur,
1109 1402 1251 1434 libenter
1275 1402 1478 1434 adhibemus
1503 1401 1731 1434 solicitudinis
1757 1403 1870 1433 nostre
1896 1403 2020 1442 partes.

205 1464 258 1497 Ad
284 1466 436 1497 nostrum
461 1465 631 1506 siquidem
668 1465 822 1506 pervenit
857 1465 1020 1503 auditum,
1045 1465 1138 1506 quod
1163 1465 1254 1506 apud
1291 1464 1470 1497 ecclesiam
1508 1464 1702 1496 monasterii
1740 1464 1847 1496 sancti
1877 1462 1966 1496 Petri
1992 1464 2024 1495 in

206 1527 280 1560 celo
311 1536 415 1560 aureo
450 1527 628 1568 papiensis
663 1527 793 1559 ordinis
829 1527 937 1559 sancti
963 1526 1155 1568 Augustini,
1180 1535 1246 1568 que
1283 1527 1391 1567 primo
1427 1526 1669 1558 monachorum
1706 1526 1813 1558 sancti
1850 1524 2024 1558 Benedicti

205 1589 327 1629 extitit,
345 1589 468 1622 deinde
485 1598 529 1622 ex
555 1589 686 1621 indulto
711 1587 811 1622 Sedis
828 1588 1025 1630 Apostolice
1051 1589 1094 1621 ad
1119 1588 1305 1631 Regulares
1322 1587 1518 1621 Canonicos
1542 1589 1649 1620 sancti
1669 1587 1849 1629 Augustini
1875 1588 2023 1627 devenit,

205 1651 323 1685 ultimo
340 1660 422 1698 vero
446 1651 627 1693 privilegio
651 1651 786 1693 spetiali
811 1654 927 1684 sancte
952 1652 1110 1684 memorie
1136 1651 1294 1683 Iohannis
1318 1649 1407 1683 XXII
1433 1650 1688 1691 predecessoris
1713 1650 1830 1689 nostri,
1847 1649 1890 1682 ad
1916 1650 2023 1681 hono-

205 1723 274 1747 rem
310 1715 420 1762 ipsius
456 1714 643 1746 beatissimi
669 1713 861 1755 Augustini,
886 1714 1058 1746 decretum
1084 1715 1138 1746 est
1163 1715 1198 1745 ut
1222 1714 1411 1745 conventus
1449 1712 1598 1745 Fratrum
1636 1712 1878 1745 Heremitarum
1916 1712 2025 1753 ipsius

206 1772 315 1809 sancti
333 1776 515 1819 Augustini
542 1777 636 1809 iuxta
653 1776 778 1808 dictam
797 1776 977 1808 ecclesiam
1003 1777 1265 1815 construeretur,
1283 1775 1340 1816 qui
1366 1775 1503 1816 quidem
1530 1775 1562 1806 in
1580 1774 1671 1807 dicta
1696 1774 1840 1807 eeclesia
1866 1775 2026 1806 maiorem

204 1839 359 1872 altarium
385 1841 514 1880 partem
550 1839 741 1871 obtinerent
769 1838 944 1880 divinique
969 1838 1071 1870 officii
1096 1847 1135 1871 ac
1161 1838 1429 1879 predicationum
1455 1837 1549 1870 verbi
1575 1837 1846 1870 distributionem
1873 1845 1934 1869 nec
1961 1845 2027 1869 non

206 1901 420 1935 vocandi-ad
446 1901 563 1934 divina
588 1901 736 1934 misteria
772 1909 1012 1942 campanarum
1049 1900 1287 1942 pulsationem,
1316 1902 1346 1932 et
1375 1899 1441 1932 alia
1465 1909 1531 1941 que
1557 1900 1588 1931 in
1614 1899 1706 1932 dicto
1742 1899 1920 1941 privilegio
1958 1899 2029 1940 ple-

209 1964 287 1997 nius
311 1957 527 1996 continentur
550 1963 593 1996 ad
618 1963 784 1996 dictorum
809 1963 947 1995 fratrum
973 1962 1075 1995 robur
1098 1964 1131 1995 et
1154 1962 1305 1995 favorem
1339 1962 1517 2003 ipsiusque
1543 1961 1606 1994 loci
1631 1962 1800 2001 decorem,
1826 1963 1860 1993 ut
1885 1962 1942 2002 qui
1968 1960 2026 1992 filii

206 2025 318 2067 ipsius
343 2009 454 2058 Patris
478 2024 660 2067 Augustini
685 2025 934 2067 dignoscuntur
957 2033 1046 2064 esse,
1065 2024 1142 2056 licet
1166 2025 1258 2056 varie
1282 2023 1382 2056 simul
1409 2033 1475 2056 una
1500 2023 1565 2056 sub
1590 2022 1664 2056 Deo
1689 2023 1797 2056 eidem
1823 2022 1913 2055 Patri
1940 2023 2027 2055 iubi-

207 2088 275 2121 lent
299 2088 419 2121 eodem
444 2089 476 2120 in
501 2087 628 2129 templo
653 2088 829 2129 utriusque
853 2087 1034 2126 communi,
1059 2087 1136 2119 licet
1160 2087 1338 2119 distinctas
1371 2087 1617 2127 separatasque
1643 2086 1789 2118 habeant
1822 2086 2026 2123 mansiones,

209 2150 356 2184 claustra
381 2152 414 2183 et
437 2150 604 2189 officinas,
629 2159 672 2182 ex
698 2151 792 2191 parte
829 2158 895 2182 una
931 2149 996 2182 sub
1021 2149 1165 2188 Abbate,
1191 2158 1234 2181 ex
1259 2148 1363 2181 altera
1399 2149 1465 2180 sub
1501 2147 1615 2180 Priore
1652 2148 1838 2181 secundum
1875 2149 2027 2189 ipsorum

209 2211 376 2246 Ordinum
416 2214 552 2252 statuta,
578 2212 740 2254 quodque
780 2212 865 2244 inter
904 2211 1071 2244 Abbatem
1111 2213 1143 2244 et
1180 2209 1386 2250 Canonicos,
1411 2210 1561 2243 Priorem
1601 2212 1633 2243 et
1672 2210 1791 2243 fratres
1833 2210 2027 2243 huiusmodi

207 2276 345 2308 diversa
384 2277 483 2317 pacta
518 2277 551 2308 et
586 2275 833 2308 conventiones
872 2274 915 2307 ad
954 2274 1217 2306 declarationem
1253 2275 1454 2306 statutorum
1494 2274 1527 2305 et
1551 2273 1780 2305 ordinatorum
1818 2282 1876 2314 per
1901 2273 2027 2305 dictum

208 2337 317 2371 felicis
353 2338 599 2371 recordationis
630 2337 818 2379 Johannem
855 2336 983 2378 Papam
1009 2335 1097 2368 XXII
1134 2336 1412 2377 predecessorem
1449 2337 1600 2368 nostrum
1637 2336 1670 2367 in
1707 2335 1780 2368 suis
1817 2335 1920 2368 literis
1945 2344 2028 2376 apo-

208 2400 340 2433 stolicis
377 2401 467 2433 datis
507 2399 675 2432 Avenioni
715 2399 787 2432 XIII
831 2399 996 2432 kalendas
1026 2398 1216 2437 Februarii,
1256 2397 1478 2430 Pontificatus
1518 2398 1570 2430 sui
1611 2406 1700 2430 anno
1739 2397 1782 2430 Xl
1823 2398 1927 2429 innita
1957 2397 2029 2429 fue-

210 2446 362 2502 runtsde
401 2463 527 2504 quibus
563 2464 695 2495 constat
720 2462 859 2504 publico
895 2462 1117 2494 instrumento
1143 2470 1243 2493 manu
1269 2459 1449 2502 Augustini
1475 2459 1641 2492 Panizarii
1667 2460 1786 2492 notarii
1811 2460 1938 2501 publici
1965 2460 2030 2491 sub

209 2534 299 2558 anno
339 2524 475 2558 Domini
515 2523 754 2558 MCCCXXXI
794 2525 849 2557 die
890 2524 1060 2562 Mercurii,
1101 2523 1218 2564 quinta
1266 2523 1392 2555 mensis
1434 2521 1527 2561 lunii,
1568 2531 1709 2563 quarum
1751 2522 1930 2561 literarum,
1971 2531 2031 2563 pa-

210 2590 339 2622 ctorum
372 2590 405 2620 et
437 2588 701 2621 conventionum
726 2589 861 2620 tenores
886 2587 1002 2619 haberi
1031 2586 1190 2618 volumus
1208 2594 1250 2618 ex
1269 2586 1360 2618 certa
1377 2585 1519 2617 scientia
1544 2593 1606 2626 pro
1631 2584 1837 2617 sufficienter
1853 2584 2030 2625 expressis

210 2651 242 2684 et
266 2651 390 2684 deinde
415 2652 552 2692 propter
576 2651 769 2691 pretensam
797 2648 1104 2690 transgressionem
1130 2649 1196 2680 tam
1221 2647 1254 2679 in
1281 2647 1399 2680 litteris
1423 2655 1525 2688 quam
1551 2646 1583 2678 in
1609 2646 1717 2687 pactis
1742 2648 1774 2679 et
1799 2646 2031 2679 conventioni-

211 2713 276 2746 bus
312 2713 474 2755 predictis
510 2714 755 2750 contentorum,
781 2712 865 2744 inter
894 2711 1005 2743 dictos
1041 2710 1199 2742 abbatem
1224 2711 1256 2742 et
1281 2707 1487 2748 Canonicos,
1512 2694 1660 2741 Priorem
1686 2710 1718 2741 et
1743 2708 1863 2741 fratres
1887 2717 1926 2741 ac
1952 2718 2034 2741 con-

211 2777 349 2809 ventum
384 2785 501 2809 eorum
529 2775 665 2808 diverse
705 2774 780 2807 lites
805 2774 838 2806 et
873 2773 1103 2806 controversie
1139 2772 1273 2804 fuerunt
1312 2772 1439 2811 exorte,
1464 2772 1496 2803 et
1521 2771 1606 2803 inter
1645 2773 1758 2812 partes
1794 2771 1932 2804 easdem
1972 2771 2033 2803 ali-

212 2838 364 2881 quandiu
389 2838 528 2880 litigato‚
554 2846 621 2870 una
645 2836 706 2869 fuit
730 2836 911 2868 diffinitiva
947 2837 1063 2868 contra
1100 2834 1209 2867 dictos
1242 2833 1391 2867 Priorem
1416 2835 1449 2866 et
1472 2833 1592 2866 fratres
1628 2843 1690 2875 pro
1715 2833 1815 2866 dictis
1840 2832 1973 2866 Abbate
1998 2835 2031 2866 et

269 2997 301 3023 (I)
314 2995 406 3023 Quanto
419 2996 562 3019 documento
583 2996 612 3018 ed
627 2996 642 3018 ll
656 2995 771 3023 seguente
792 2994 869 3016 hanno
890 2998 937 3016 una
951 2993 1039 3021 grande
1053 2993 1095 3015 im·
1149 2993 1293 3019 completare
1306 2992 1322 3014 l'
1329 2997 1401 3019 opera
1417 2991 1439 3014 di
1454 2991 1601 3019 riparazione
1624 2991 1787 3014 lncominclata
1801 2991 1839 3018 gia
1854 2991 1892 3013 dal
1907 2990 2029 3014 cardinale

217 3042 340 3069 pomnza.
355 3047 402 3063 non
415 3041 468 3063 solo
481 3041 505 3063 ln
519 3041 580 3063 linea
593 3040 677 3068 legale,
692 3045 729 3062 ma
743 3039 817 3061 anche
831 3039 854 3060 in
868 3038 928 3060 linea
943 3038 1039 3060 morale.
1054 3037 1093 3060 Di·
1147 3037 1268 3060 Cosmato.
1284 3036 1374 3064 Questa
1389 3037 1451 3059 bolla
1465 3036 1490 3059 fu
1505 3036 1640 3063 pubblieatn
1660 3036 1715 3058 dall'
1724 3036 1815 3063 Empoll
1831 3041 1844 3058 e
1858 3036 1896 3058 dal
1911 3036 2028 3062 Τοκειιι,

216 3086 269 3109 mu
283 3091 343 3108 »ono
357 3085 403 3108 due
417 3085 582 3113 memmenni,
596 3085 639 3108 che
652 3084 772 3107 rialzando
786 3084 807 3106 le
821 3083 880 3106 sorti
895 3083 956 3110 degli
971 3082 1096 3105 Eremltanl
1150 3082 1189 3110 VI,
1204 3087 1258 3110 pag.
1277 3082 1326 3104 372,

217 3131 285 3154 tanto
298 3130 424 3153 abbatiute
438 3129 500 3152 dalla
514 3130 627 3152 sentenza
642 3129 679 3152 del
693 3129 801 3151 vescovo
815 3127 956 3155 Gugllelmo,
966 3132 1075 3155 venzono
1084 3132 1098 3149 ι
