<?xml version="1.0" encoding="UTF-8"?>
<!DOCTYPE html PUBLIC "-//W3C//DTD XHTML 1.0 Transitional//EN"
    "http://www.w3.org/TR/xhtml1/DTD/xhtml1-transitional.dtd">
<html xmlns="http://www.w3.org/1999/xhtml" xml:lang="en" lang="en">
 <head>
  <title>
</title>
<meta http-equiv="Content-Type" content="text/html;charset=utf-8" />
  <meta name='ocr-system' content='tesseract 3.04.00' />
  <meta name='ocr-capabilities' content='ocr_page ocr_carea ocr_par ocr_line ocrx_word'/>
</head>
<body>
  <div class='ocr_page' id='page_1' title='image "./codexdiplomaticu01maiouoft_0074.png"; bbox 0 0 2496 3600; ppageno 0'>
   <div class='ocr_carea' id='block_1_1' title="bbox 482 241 504 274">
    <p class='ocr_par' dir='ltr' id='par_1_1' title="bbox 482 241 504 274">
     <span class='ocr_line' id='line_1_1' title="bbox 482 241 504 274; baseline 0 -8"><span class='ocrx_word' id='word_1_1' title='bbox 482 241 504 274; x_wconf 84' lang='lat'><strong>4</strong></span> 
     </span>
    </p>
   </div>
   <div class='ocr_carea' id='block_1_2' title="bbox 1156 299 1338 304">
    <p class='ocr_par' dir='ltr' id='par_1_2' title="bbox 1156 299 1338 304">
     <span class='ocr_line' id='line_1_2' title="bbox 1156 299 1338 304; baseline 0 0"><span class='ocrx_word' id='word_1_2' title='bbox 1156 299 1338 304; x_wconf 95' lang='lat' dir='ltr'> </span> 
     </span>
    </p>
   </div>
   <div class='ocr_carea' id='block_1_3' title="bbox 481 366 2368 2714">
    <p class='ocr_par' dir='ltr' id='par_1_3' title="bbox 481 366 2368 2714">
     <span class='ocr_line' id='line_1_3' title="bbox 481 366 2302 417; baseline -0.003 -10"><span class='ocrx_word' id='word_1_3' title='bbox 481 372 667 417; x_wconf 78' lang='lat' dir='ltr'>Gregorius</span> <span class='ocrx_word' id='word_1_4' title='bbox 691 371 890 415; x_wconf 88' lang='lat' dir='ltr'>Mangiaria,</span> <span class='ocrx_word' id='word_1_5' title='bbox 916 372 988 405; x_wconf 93' lang='lat' dir='ltr'>sive</span> <span class='ocrx_word' id='word_1_6' title='bbox 1014 371 1059 404; x_wconf 89' lang='lat' dir='ltr'>ibi</span> <span class='ocrx_word' id='word_1_7' title='bbox 1084 371 1148 404; x_wconf 89' lang='lat' dir='ltr'>alie</span> <span class='ocrx_word' id='word_1_8' title='bbox 1173 370 1240 404; x_wconf 95' lang='lat' dir='ltr'>sint</span> <span class='ocrx_word' id='word_1_9' title='bbox 1265 369 1464 403; x_wconf 88' lang='lat' dir='ltr'>coherencie</span> <span class='ocrx_word' id='word_1_10' title='bbox 1488 366 1550 410; x_wconf 91' lang='lat' dir='ltr'>(l).</span> <span class='ocrx_word' id='word_1_11' title='bbox 1576 368 1655 402; x_wconf 84' lang='lat' dir='ltr'><strong>Item</strong></span> <span class='ocrx_word' id='word_1_12' title='bbox 1680 369 1745 412; x_wconf 88' lang='lat' dir='ltr'>ipsi</span> <span class='ocrx_word' id='word_1_13' title='bbox 1769 368 1900 409; x_wconf 75' lang='lat' dir='ltr'>tratres,</span> <span class='ocrx_word' id='word_1_14' title='bbox 1924 370 1957 402; x_wconf 92' lang='lat' dir='ltr'>et</span> <span class='ocrx_word' id='word_1_15' title='bbox 1980 369 2127 411; x_wconf 89' lang='lat' dir='ltr'>quisque</span> <span class='ocrx_word' id='word_1_16' title='bbox 2150 369 2302 411; x_wconf 88' lang='lat' dir='ltr'>ipsorum</span> 
     </span>
     <span class='ocr_line' id='line_1_4' title="bbox 482 430 2303 475; baseline -0.003 -6"><span class='ocrx_word' id='word_1_17' title='bbox 482 437 514 469; x_wconf 91' lang='lat' dir='ltr'>in</span> <span class='ocrx_word' id='word_1_18' title='bbox 540 435 697 475; x_wconf 90' lang='lat' dir='ltr'>solidum,</span> <span class='ocrx_word' id='word_1_19' title='bbox 721 443 764 467; x_wconf 91' lang='lat' dir='ltr'>ex</span> <span class='ocrx_word' id='word_1_20' title='bbox 789 442 894 467; x_wconf 89' lang='lat' dir='ltr'>causa</span> <span class='ocrx_word' id='word_1_21' title='bbox 918 435 950 467; x_wconf 89' lang='lat' dir='ltr'>et</span> <span class='ocrx_word' id='word_1_22' title='bbox 975 433 1092 466; x_wconf 91' lang='lat' dir='ltr'>merito</span> <span class='ocrx_word' id='word_1_23' title='bbox 1116 432 1284 475; x_wconf 89' lang='lat' dir='ltr'>presentis</span> <span class='ocrx_word' id='word_1_24' title='bbox 1309 431 1522 465; x_wconf 84' lang='lat' dir='ltr'>vendicionis</span> <span class='ocrx_word' id='word_1_25' title='bbox 1546 433 1722 465; x_wconf 88' lang='lat' dir='ltr'>cesserunt</span> <span class='ocrx_word' id='word_1_26' title='bbox 1745 433 1778 465; x_wconf 88' lang='lat' dir='ltr'>et</span> <span class='ocrx_word' id='word_1_27' title='bbox 1794 431 1909 465; x_wconf 88' lang='lat' dir='ltr'>datum</span> <span class='ocrx_word' id='word_1_28' title='bbox 1925 430 2077 465; x_wconf 82' lang='lat' dir='ltr'>fecerunt</span> <span class='ocrx_word' id='word_1_29' title='bbox 2100 432 2133 464; x_wconf 91' lang='lat' dir='ltr'>et</span> <span class='ocrx_word' id='word_1_30' title='bbox 2156 431 2303 474; x_wconf 88' lang='lat' dir='ltr'>quisque</span> 
     </span>
     <span class='ocr_line' id='line_1_5' title="bbox 483 493 2306 540; baseline -0.003 -9"><span class='ocrx_word' id='word_1_31' title='bbox 483 499 632 540; x_wconf 88' lang='lat' dir='ltr'>ipsorum</span> <span class='ocrx_word' id='word_1_32' title='bbox 657 497 793 530; x_wconf 82' lang='lat' dir='ltr'><strong>fratrum</strong></span> <span class='ocrx_word' id='word_1_33' title='bbox 819 497 851 528; x_wconf 92' lang='lat' dir='ltr'>in</span> <span class='ocrx_word' id='word_1_34' title='bbox 877 495 1023 529; x_wconf 89' lang='lat' dir='ltr'>solidum</span> <span class='ocrx_word' id='word_1_35' title='bbox 1048 494 1151 528; x_wconf 84' lang='lat' dir='ltr'>cessit</span> <span class='ocrx_word' id='word_1_36' title='bbox 1176 496 1208 527; x_wconf 88' lang='lat' dir='ltr'>et</span> <span class='ocrx_word' id='word_1_37' title='bbox 1232 494 1346 527; x_wconf 90' lang='lat' dir='ltr'>datum</span> <span class='ocrx_word' id='word_1_38' title='bbox 1371 493 1450 527; x_wconf 81' lang='lat' dir='ltr'>tecit</span> <span class='ocrx_word' id='word_1_39' title='bbox 1468 493 1700 536; x_wconf 87' lang='lat' dir='ltr'>suprascripto</span> <span class='ocrx_word' id='word_1_40' title='bbox 1716 493 1807 527; x_wconf 81' lang='lat' dir='ltr'>fratri</span> <span class='ocrx_word' id='word_1_41' title='bbox 1824 493 2016 533; x_wconf 89' lang='lat' dir='ltr'>Nicholino,</span> <span class='ocrx_word' id='word_1_42' title='bbox 2034 493 2168 527; x_wconf 90' lang='lat' dir='ltr'>nomine</span> <span class='ocrx_word' id='word_1_43' title='bbox 2185 501 2306 535; x_wconf 86' lang='lat' dir='ltr'>supra-</span> 
     </span>
     <span class='ocr_line' id='line_1_6' title="bbox 483 555 2305 602; baseline -0.003 -9"><span class='ocrx_word' id='word_1_44' title='bbox 483 561 609 602; x_wconf 92' lang='lat' dir='ltr'>scripto</span> <span class='ocrx_word' id='word_1_45' title='bbox 633 559 744 592; x_wconf 90' lang='lat' dir='ltr'>tocius</span> <span class='ocrx_word' id='word_1_46' title='bbox 769 557 907 592; x_wconf 88' lang='lat' dir='ltr'>Ordinis</span> <span class='ocrx_word' id='word_1_47' title='bbox 932 557 1128 599; x_wconf 83' lang='lat' dir='ltr'>supradicti,</span> <span class='ocrx_word' id='word_1_48' title='bbox 1154 556 1195 589; x_wconf 89' lang='lat' dir='ltr'>de</span> <span class='ocrx_word' id='word_1_49' title='bbox 1221 555 1311 588; x_wconf 91' lang='lat' dir='ltr'>omni</span> <span class='ocrx_word' id='word_1_50' title='bbox 1337 555 1407 588; x_wconf 90' lang='lat' dir='ltr'>iure</span> <span class='ocrx_word' id='word_1_51' title='bbox 1431 557 1464 588; x_wconf 89' lang='lat' dir='ltr'>et</span> <span class='ocrx_word' id='word_1_52' title='bbox 1487 555 1620 589; x_wconf 89' lang='lat' dir='ltr'>actione</span> <span class='ocrx_word' id='word_1_53' title='bbox 1645 555 1724 588; x_wconf 90' lang='lat' dir='ltr'>reali</span> <span class='ocrx_word' id='word_1_54' title='bbox 1750 557 1782 589; x_wconf 92' lang='lat' dir='ltr'>et</span> <span class='ocrx_word' id='word_1_55' title='bbox 1806 555 1988 598; x_wconf 89' lang='lat' dir='ltr'>personali,</span> <span class='ocrx_word' id='word_1_56' title='bbox 2025 555 2096 588; x_wconf 88' lang='lat' dir='ltr'>utili</span> <span class='ocrx_word' id='word_1_57' title='bbox 2121 556 2154 589; x_wconf 90' lang='lat' dir='ltr'>et</span> <span class='ocrx_word' id='word_1_58' title='bbox 2177 555 2305 588; x_wconf 86' lang='lat' dir='ltr'>directa</span> 
     </span>
     <span class='ocr_line' id='line_1_7' title="bbox 483 618 2307 666; baseline -0.003 -10"><span class='ocrx_word' id='word_1_59' title='bbox 483 625 515 656; x_wconf 89' lang='lat' dir='ltr'>et</span> <span class='ocrx_word' id='word_1_60' title='bbox 533 622 750 666; x_wconf 90' lang='lat' dir='ltr'>ypothecaria</span> <span class='ocrx_word' id='word_1_61' title='bbox 775 621 867 663; x_wconf 87' lang='lat' dir='ltr'>quod</span> <span class='ocrx_word' id='word_1_62' title='bbox 893 623 924 653; x_wconf 93' lang='lat' dir='ltr'>et</span> <span class='ocrx_word' id='word_1_63' title='bbox 942 629 1042 662; x_wconf 90' lang='lat' dir='ltr'>quam</span> <span class='ocrx_word' id='word_1_64' title='bbox 1061 619 1125 661; x_wconf 91' lang='lat' dir='ltr'>ipsi</span> <span class='ocrx_word' id='word_1_65' title='bbox 1151 619 1270 651; x_wconf 83' lang='lat' dir='ltr'>tratres</span> <span class='ocrx_word' id='word_1_66' title='bbox 1295 618 1466 651; x_wconf 88' lang='lat' dir='ltr'>habebant</span> <span class='ocrx_word' id='word_1_67' title='bbox 1489 618 1532 652; x_wconf 89' lang='lat' dir='ltr'>ad</span> <span class='ocrx_word' id='word_1_68' title='bbox 1557 618 1763 661; x_wconf 86' lang='lat' dir='ltr'>exigendum</span> <span class='ocrx_word' id='word_1_69' title='bbox 1780 620 1813 651; x_wconf 90' lang='lat' dir='ltr'>et</span> <span class='ocrx_word' id='word_1_70' title='bbox 1837 618 1973 660; x_wconf 87' lang='lat' dir='ltr'>exigere</span> <span class='ocrx_word' id='word_1_71' title='bbox 1997 619 2152 660; x_wconf 86' lang='lat' dir='ltr'>poterant</span> <span class='ocrx_word' id='word_1_72' title='bbox 2175 619 2208 651; x_wconf 93' lang='lat' dir='ltr'>et</span> <span class='ocrx_word' id='word_1_73' title='bbox 2225 625 2307 660; x_wconf 86' lang='lat' dir='ltr'>pos-</span> 
     </span>
     <span class='ocr_line' id='line_1_8' title="bbox 484 680 2307 725; baseline -0.003 -7"><span class='ocrx_word' id='word_1_74' title='bbox 484 687 558 719; x_wconf 88' lang='lat' dir='ltr'>sent</span> <span class='ocrx_word' id='word_1_75' title='bbox 583 685 684 717; x_wconf 92' lang='lat' dir='ltr'>modo</span> <span class='ocrx_word' id='word_1_76' title='bbox 709 684 823 725; x_wconf 90' lang='lat' dir='ltr'>aliquo</span> <span class='ocrx_word' id='word_1_77' title='bbox 848 684 879 715; x_wconf 90' lang='lat' dir='ltr'>in</span> <span class='ocrx_word' id='word_1_78' title='bbox 906 682 1067 724; x_wconf 88' lang='lat' dir='ltr'>predictis</span> <span class='ocrx_word' id='word_1_79' title='bbox 1091 681 1250 714; x_wconf 88' lang='lat' dir='ltr'>domibus</span> <span class='ocrx_word' id='word_1_80' title='bbox 1275 681 1348 714; x_wconf 89' lang='lat' dir='ltr'>sive</span> <span class='ocrx_word' id='word_1_81' title='bbox 1374 681 1578 714; x_wconf 83' lang='lat' dir='ltr'>casamentis</span> <span class='ocrx_word' id='word_1_82' title='bbox 1602 683 1635 713; x_wconf 91' lang='lat' dir='ltr'>et</span> <span class='ocrx_word' id='word_1_83' title='bbox 1659 680 1750 713; x_wconf 91' lang='lat' dir='ltr'>volta</span> <span class='ocrx_word' id='word_1_84' title='bbox 1775 682 1807 714; x_wconf 90' lang='lat' dir='ltr'>et</span> <span class='ocrx_word' id='word_1_85' title='bbox 1838 680 1990 722; x_wconf 86' lang='lat' dir='ltr'>ipsorum</span> <span class='ocrx_word' id='word_1_86' title='bbox 2022 680 2246 713; x_wconf 86' lang='lat' dir='ltr'>sediminibus</span> <span class='ocrx_word' id='word_1_87' title='bbox 2273 681 2307 713; x_wconf 88' lang='lat' dir='ltr'>et</span> 
     </span>
     <span class='ocr_line' id='line_1_9' title="bbox 484 742 2306 785; baseline -0.003 -5"><span class='ocrx_word' id='word_1_88' title='bbox 484 748 642 780; x_wconf 88' lang='lat' dir='ltr'>omnibus</span> <span class='ocrx_word' id='word_1_89' title='bbox 666 746 741 779; x_wconf 89' lang='lat' dir='ltr'>aliis</span> <span class='ocrx_word' id='word_1_90' title='bbox 766 745 912 778; x_wconf 87' lang='lat' dir='ltr'>venditis</span> <span class='ocrx_word' id='word_1_91' title='bbox 938 744 1039 776; x_wconf 88' lang='lat' dir='ltr'>modo</span> <span class='ocrx_word' id='word_1_92' title='bbox 1064 744 1189 785; x_wconf 90' lang='lat' dir='ltr'>aliquo.</span> <span class='ocrx_word' id='word_1_93' title='bbox 1216 743 1264 776; x_wconf 83' lang='lat' dir='ltr'>Eo</span> <span class='ocrx_word' id='word_1_94' title='bbox 1289 742 1391 775; x_wconf 93' lang='lat' dir='ltr'>modo</span> <span class='ocrx_word' id='word_1_95' title='bbox 1409 745 1444 775; x_wconf 87' lang='lat' dir='ltr'>ut</span> <span class='ocrx_word' id='word_1_96' title='bbox 1461 743 1618 776; x_wconf 91' lang='lat' dir='ltr'>decetero</span> <span class='ocrx_word' id='word_1_97' title='bbox 1636 743 1710 785; x_wconf 92' lang='lat' dir='ltr'>ipse</span> <span class='ocrx_word' id='word_1_98' title='bbox 1726 742 1828 776; x_wconf 79' lang='lat' dir='ltr'>frater</span> <span class='ocrx_word' id='word_1_99' title='bbox 1843 742 2056 782; x_wconf 89' lang='lat' dir='ltr'>Nicholinus,</span> <span class='ocrx_word' id='word_1_100' title='bbox 2074 742 2208 775; x_wconf 90' lang='lat' dir='ltr'>nomine</span> <span class='ocrx_word' id='word_1_101' title='bbox 2225 742 2306 776; x_wconf 87' lang='lat' dir='ltr'>dicti</span> 
     </span>
     <span class='ocr_line' id='line_1_10' title="bbox 488 804 2308 849; baseline -0.003 -7"><span class='ocrx_word' id='word_1_102' title='bbox 488 809 637 848; x_wconf 89' lang='lat' dir='ltr'>Ordinis,</span> <span class='ocrx_word' id='word_1_103' title='bbox 652 810 684 841; x_wconf 87' lang='lat' dir='ltr'>et</span> <span class='ocrx_word' id='word_1_104' title='bbox 698 808 771 849; x_wconf 93' lang='lat' dir='ltr'>ipse</span> <span class='ocrx_word' id='word_1_105' title='bbox 786 806 879 840; x_wconf 91' lang='lat' dir='ltr'>Ordo</span> <span class='ocrx_word' id='word_1_106' title='bbox 898 806 1047 838; x_wconf 85' lang='lat' dir='ltr'>Fratrum</span> <span class='ocrx_word' id='word_1_107' title='bbox 1067 805 1367 844; x_wconf 86' lang='lat' dir='ltr'>Heremitanorum,</span> <span class='ocrx_word' id='word_1_108' title='bbox 1384 807 1416 838; x_wconf 89' lang='lat' dir='ltr'>et</span> <span class='ocrx_word' id='word_1_109' title='bbox 1433 805 1559 847; x_wconf 90' lang='lat' dir='ltr'>quibus</span> <span class='ocrx_word' id='word_1_110' title='bbox 1577 805 1740 844; x_wconf 84' lang='lat' dir='ltr'>dederint,</span> <span class='ocrx_word' id='word_1_111' title='bbox 1759 804 1905 838; x_wconf 90' lang='lat' dir='ltr'>habeant</span> <span class='ocrx_word' id='word_1_112' title='bbox 1921 806 1954 838; x_wconf 91' lang='lat' dir='ltr'>et</span> <span class='ocrx_word' id='word_1_113' title='bbox 1970 806 2116 844; x_wconf 83' lang='lat' dir='ltr'>teneant,</span> <span class='ocrx_word' id='word_1_114' title='bbox 2138 804 2308 847; x_wconf 86' lang='lat' dir='ltr'>gaudeant</span> 
     </span>
     <span class='ocr_line' id='line_1_11' title="bbox 486 866 2308 913; baseline -0.002 -9"><span class='ocrx_word' id='word_1_115' title='bbox 486 874 517 904; x_wconf 92' lang='lat' dir='ltr'>et</span> <span class='ocrx_word' id='word_1_116' title='bbox 535 871 733 913; x_wconf 83' lang='lat' dir='ltr'>possideant</span> <span class='ocrx_word' id='word_1_117' title='bbox 756 872 856 910; x_wconf 87' lang='lat' dir='ltr'>atque</span> <span class='ocrx_word' id='word_1_118' title='bbox 875 868 1062 910; x_wconf 87' lang='lat' dir='ltr'>percipiant</span> <span class='ocrx_word' id='word_1_119' title='bbox 1080 868 1331 909; x_wconf 89' lang='lat' dir='ltr'>suprascriptas</span> <span class='ocrx_word' id='word_1_120' title='bbox 1349 867 1471 900; x_wconf 89' lang='lat' dir='ltr'>domos</span> <span class='ocrx_word' id='word_1_121' title='bbox 1484 876 1603 900; x_wconf 90' lang='lat' dir='ltr'>omnes</span> <span class='ocrx_word' id='word_1_122' title='bbox 1617 867 1689 900; x_wconf 91' lang='lat' dir='ltr'>sive</span> <span class='ocrx_word' id='word_1_123' title='bbox 1703 869 1898 900; x_wconf 89' lang='lat' dir='ltr'>casamenta</span> <span class='ocrx_word' id='word_1_124' title='bbox 1914 867 2027 900; x_wconf 91' lang='lat' dir='ltr'>omnia</span> <span class='ocrx_word' id='word_1_125' title='bbox 2043 868 2076 900; x_wconf 92' lang='lat' dir='ltr'>et</span> <span class='ocrx_word' id='word_1_126' title='bbox 2089 866 2214 900; x_wconf 89' lang='lat' dir='ltr'>voltam</span> <span class='ocrx_word' id='word_1_127' title='bbox 2231 875 2308 900; x_wconf 88' lang='lat' dir='ltr'>cum</span> 
     </span>
     <span class='ocr_line' id='line_1_12' title="bbox 487 928 2310 972; baseline -0.002 -7"><span class='ocrx_word' id='word_1_128' title='bbox 487 932 720 970; x_wconf 86' lang='lat' dir='ltr'>sediminibus,</span> <span class='ocrx_word' id='word_1_129' title='bbox 746 940 811 963; x_wconf 92' lang='lat' dir='ltr'>una</span> <span class='ocrx_word' id='word_1_130' title='bbox 837 939 912 963; x_wconf 91' lang='lat' dir='ltr'>cum</span> <span class='ocrx_word' id='word_1_131' title='bbox 938 930 1096 962; x_wconf 91' lang='lat' dir='ltr'>omnibus</span> <span class='ocrx_word' id='word_1_132' title='bbox 1121 929 1380 962; x_wconf 86' lang='lat' dir='ltr'>accessionibus</span> <span class='ocrx_word' id='word_1_133' title='bbox 1404 931 1436 962; x_wconf 91' lang='lat' dir='ltr'>et</span> <span class='ocrx_word' id='word_1_134' title='bbox 1461 929 1673 971; x_wconf 88' lang='lat' dir='ltr'>ingressibus</span> <span class='ocrx_word' id='word_1_135' title='bbox 1698 930 1730 962; x_wconf 93' lang='lat' dir='ltr'>et</span> <span class='ocrx_word' id='word_1_136' title='bbox 1755 929 1967 972; x_wconf 90' lang='lat' dir='ltr'>regressibus</span> <span class='ocrx_word' id='word_1_137' title='bbox 1991 930 2024 962; x_wconf 90' lang='lat' dir='ltr'>et</span> <span class='ocrx_word' id='word_1_138' title='bbox 2048 929 2118 962; x_wconf 88' lang='lat' dir='ltr'>iure</span> <span class='ocrx_word' id='word_1_139' title='bbox 2143 930 2176 962; x_wconf 91' lang='lat' dir='ltr'>et</span> <span class='ocrx_word' id='word_1_140' title='bbox 2207 928 2310 962; x_wconf 87' lang='lat' dir='ltr'>rebus</span> 
     </span>
     <span class='ocr_line' id='line_1_13' title="bbox 486 990 2312 1033; baseline -0.002 -6"><span class='ocrx_word' id='word_1_141' title='bbox 486 995 644 1027; x_wconf 89' lang='lat' dir='ltr'>omnibus</span> <span class='ocrx_word' id='word_1_142' title='bbox 669 996 700 1026; x_wconf 93' lang='lat' dir='ltr'>et</span> <span class='ocrx_word' id='word_1_143' title='bbox 725 993 883 1025; x_wconf 90' lang='lat' dir='ltr'>omnibus</span> <span class='ocrx_word' id='word_1_144' title='bbox 908 992 983 1025; x_wconf 87' lang='lat' dir='ltr'>aliis</span> <span class='ocrx_word' id='word_1_145' title='bbox 1009 992 1219 1033; x_wconf 89' lang='lat' dir='ltr'>pertinentiis</span> <span class='ocrx_word' id='word_1_146' title='bbox 1244 992 1329 1033; x_wconf 90' lang='lat' dir='ltr'>ipsis</span> <span class='ocrx_word' id='word_1_147' title='bbox 1354 991 1514 1024; x_wconf 90' lang='lat' dir='ltr'>domibus</span> <span class='ocrx_word' id='word_1_148' title='bbox 1538 993 1570 1024; x_wconf 92' lang='lat' dir='ltr'>et</span> <span class='ocrx_word' id='word_1_149' title='bbox 1595 991 1799 1024; x_wconf 85' lang='lat' dir='ltr'>casamentis</span> <span class='ocrx_word' id='word_1_150' title='bbox 1823 993 1856 1024; x_wconf 90' lang='lat' dir='ltr'>et</span> <span class='ocrx_word' id='word_1_151' title='bbox 1880 991 1971 1024; x_wconf 87' lang='lat' dir='ltr'>volta</span> <span class='ocrx_word' id='word_1_152' title='bbox 1995 992 2028 1024; x_wconf 91' lang='lat' dir='ltr'>et</span> <span class='ocrx_word' id='word_1_153' title='bbox 2052 991 2203 1033; x_wconf 91' lang='lat' dir='ltr'>ipsorum</span> <span class='ocrx_word' id='word_1_154' title='bbox 2220 990 2312 1024; x_wconf 87' lang='lat' dir='ltr'>sedi-</span> 
     </span>
     <span class='ocr_line' id='line_1_14' title="bbox 488 1052 2311 1097; baseline -0.002 -7"><span class='ocrx_word' id='word_1_155' title='bbox 488 1058 634 1090; x_wconf 89' lang='lat' dir='ltr'>minibus</span> <span class='ocrx_word' id='word_1_156' title='bbox 659 1059 691 1089; x_wconf 89' lang='lat' dir='ltr'>et</span> <span class='ocrx_word' id='word_1_157' title='bbox 716 1056 838 1097; x_wconf 88' lang='lat' dir='ltr'>cuique</span> <span class='ocrx_word' id='word_1_158' title='bbox 864 1055 1013 1096; x_wconf 91' lang='lat' dir='ltr'>ipsorum</span> <span class='ocrx_word' id='word_1_159' title='bbox 1040 1054 1286 1096; x_wconf 91' lang='lat' dir='ltr'>pertinentibus</span> <span class='ocrx_word' id='word_1_160' title='bbox 1311 1063 1371 1087; x_wconf 89' lang='lat' dir='ltr'>seu</span> <span class='ocrx_word' id='word_1_161' title='bbox 1397 1054 1649 1096; x_wconf 87' lang='lat' dir='ltr'>spectantibus,</span> <span class='ocrx_word' id='word_1_162' title='bbox 1666 1055 1729 1087; x_wconf 90' lang='lat' dir='ltr'>etc.</span> <span class='ocrx_word' id='word_1_163' title='bbox 1743 1056 1775 1087; x_wconf 87' lang='lat' dir='ltr'>et</span> <span class='ocrx_word' id='word_1_164' title='bbox 1788 1053 1912 1087; x_wconf 83' lang='lat' dir='ltr'>faciant</span> <span class='ocrx_word' id='word_1_165' title='bbox 1925 1053 2049 1087; x_wconf 90' lang='lat' dir='ltr'>exinde</span> <span class='ocrx_word' id='word_1_166' title='bbox 2074 1062 2134 1095; x_wconf 88' lang='lat' dir='ltr'>per</span> <span class='ocrx_word' id='word_1_167' title='bbox 2149 1052 2311 1086; x_wconf 82' lang='lat' dir='ltr'>allodium</span> 
     </span>
     <span class='ocr_line' id='line_1_15' title="bbox 487 1115 2361 1161; baseline -0.002 -9"><span class='ocrx_word' id='word_1_168' title='bbox 487 1119 648 1161; x_wconf 91' lang='lat' dir='ltr'>quicquid</span> <span class='ocrx_word' id='word_1_169' title='bbox 690 1118 878 1157; x_wconf 84' lang='lat' dir='ltr'>voluerint,</span> <span class='ocrx_word' id='word_1_170' title='bbox 922 1117 995 1149; x_wconf 93' lang='lat' dir='ltr'>sine</span> <span class='ocrx_word' id='word_1_171' title='bbox 1032 1116 1297 1149; x_wconf 84' lang='lat' dir='ltr'>contradictione</span> <span class='ocrx_word' id='word_1_172' title='bbox 1345 1116 1651 1158; x_wconf 90' lang='lat' dir='ltr'>suprascriptorum</span> <span class='ocrx_word' id='word_1_173' title='bbox 1689 1115 1798 1150; x_wconf 79' lang='lat' dir='ltr'>Rufini</span> <span class='ocrx_word' id='word_1_174' title='bbox 1835 1118 1868 1149; x_wconf 94' lang='lat' dir='ltr'>et</span> <span class='ocrx_word' id='word_1_175' title='bbox 1891 1115 2019 1159; x_wconf 84' lang='lat' dir='ltr'>Pagani</span> <span class='ocrx_word' id='word_1_176' title='bbox 2067 1117 2099 1148; x_wconf 91' lang='lat' dir='ltr'>et</span> <span class='ocrx_word' id='word_1_177' title='bbox 2146 1115 2312 1158; x_wconf 83' lang='lat' dir='ltr'>cuiusque</span> <span class='ocrx_word' id='word_1_178' title='bbox 2353 1121 2361 1127; x_wconf 86' lang='lat'>·</span> 
     </span>
     <span class='ocr_line' id='line_1_16' title="bbox 491 1171 2315 1221; baseline -0.002 -8"><span class='ocrx_word' id='word_1_179' title='bbox 491 1190 617 1220; x_wconf 89' lang='lat' dir='ltr'>eorum,</span> <span class='ocrx_word' id='word_1_180' title='bbox 643 1171 843 1221; x_wconf 87' lang='lat' dir='ltr'>illorumque</span> <span class='ocrx_word' id='word_1_181' title='bbox 869 1179 1041 1218; x_wconf 86' lang='lat' dir='ltr'>heredum,</span> <span class='ocrx_word' id='word_1_182' title='bbox 1066 1180 1098 1211; x_wconf 92' lang='lat' dir='ltr'>et</span> <span class='ocrx_word' id='word_1_183' title='bbox 1123 1187 1198 1211; x_wconf 89' lang='lat' dir='ltr'>cum</span> <span class='ocrx_word' id='word_1_184' title='bbox 1224 1187 1339 1211; x_wconf 92' lang='lat' dir='ltr'>eorum</span> <span class='ocrx_word' id='word_1_185' title='bbox 1365 1180 1397 1211; x_wconf 92' lang='lat' dir='ltr'>et</span> <span class='ocrx_word' id='word_1_186' title='bbox 1421 1179 1587 1220; x_wconf 90' lang='lat' dir='ltr'>cuiusque</span> <span class='ocrx_word' id='word_1_187' title='bbox 1613 1179 1775 1220; x_wconf 89' lang='lat' dir='ltr'>ipsorum,</span> <span class='ocrx_word' id='word_1_188' title='bbox 1808 1178 2007 1220; x_wconf 88' lang='lat' dir='ltr'>illorumque</span> <span class='ocrx_word' id='word_1_189' title='bbox 2047 1177 2219 1218; x_wconf 84' lang='lat' dir='ltr'>heredum,</span> <span class='ocrx_word' id='word_1_190' title='bbox 2254 1177 2315 1211; x_wconf 88' lang='lat' dir='ltr'>de·</span> 
     </span>
     <span class='ocr_line' id='line_1_17' title="bbox 488 1238 2314 1283; baseline -0.002 -8"><span class='ocrx_word' id='word_1_191' title='bbox 488 1243 642 1275; x_wconf 73' lang='lat' dir='ltr'>tensione</span> <span class='ocrx_word' id='word_1_192' title='bbox 667 1243 710 1275; x_wconf 90' lang='lat' dir='ltr'>ab</span> <span class='ocrx_word' id='word_1_193' title='bbox 736 1242 825 1274; x_wconf 93' lang='lat' dir='ltr'>omni</span> <span class='ocrx_word' id='word_1_194' title='bbox 851 1249 997 1283; x_wconf 89' lang='lat' dir='ltr'>persona</span> <span class='ocrx_word' id='word_1_195' title='bbox 1022 1249 1097 1273; x_wconf 91' lang='lat' dir='ltr'>cum</span> <span class='ocrx_word' id='word_1_196' title='bbox 1124 1241 1268 1273; x_wconf 84' lang='lat' dir='ltr'>racione.</span> <span class='ocrx_word' id='word_1_197' title='bbox 1296 1240 1335 1272; x_wconf 81' lang='lat' dir='ltr'>Et</span> <span class='ocrx_word' id='word_1_198' title='bbox 1360 1241 1405 1273; x_wconf 89' lang='lat' dir='ltr'>ita</span> <span class='ocrx_word' id='word_1_199' title='bbox 1433 1240 1512 1273; x_wconf 89' lang='lat' dir='ltr'>dicti</span> <span class='ocrx_word' id='word_1_200' title='bbox 1549 1240 1668 1273; x_wconf 76' lang='lat' dir='ltr'>fratres</span> <span class='ocrx_word' id='word_1_201' title='bbox 1693 1239 1834 1275; x_wconf 80' lang='lat' dir='ltr'>Rufinus</span> <span class='ocrx_word' id='word_1_202' title='bbox 1858 1242 1891 1273; x_wconf 91' lang='lat' dir='ltr'>et</span> <span class='ocrx_word' id='word_1_203' title='bbox 1915 1239 2075 1282; x_wconf 77' lang='lat' dir='ltr'>paganus</span> <span class='ocrx_word' id='word_1_204' title='bbox 2099 1241 2131 1272; x_wconf 89' lang='lat' dir='ltr'>et</span> <span class='ocrx_word' id='word_1_205' title='bbox 2155 1238 2314 1282; x_wconf 86' lang='lat' dir='ltr'>quisquis</span> 
     </span>
     <span class='ocr_line' id='line_1_18' title="bbox 488 1301 2312 1351; baseline -0.002 -14"><span class='ocrx_word' id='word_1_206' title='bbox 488 1306 638 1347; x_wconf 90' lang='lat' dir='ltr'>ipsorum</span> <span class='ocrx_word' id='word_1_207' title='bbox 665 1305 696 1336; x_wconf 93' lang='lat' dir='ltr'>in</span> <span class='ocrx_word' id='word_1_208' title='bbox 722 1303 868 1336; x_wconf 90' lang='lat' dir='ltr'>solidum</span> <span class='ocrx_word' id='word_1_209' title='bbox 894 1305 1124 1335; x_wconf 90' lang='lat' dir='ltr'>convenerunt</span> <span class='ocrx_word' id='word_1_210' title='bbox 1149 1304 1181 1335; x_wconf 91' lang='lat' dir='ltr'>et</span> <span class='ocrx_word' id='word_1_211' title='bbox 1206 1303 1431 1344; x_wconf 86' lang='lat' dir='ltr'>promiserunt</span> <span class='ocrx_word' id='word_1_212' title='bbox 1460 1302 1569 1335; x_wconf 92' lang='lat' dir='ltr'>eidem</span> <span class='ocrx_word' id='word_1_213' title='bbox 1594 1302 1685 1335; x_wconf 82' lang='lat' dir='ltr'>fratri</span> <span class='ocrx_word' id='word_1_214' title='bbox 1710 1302 1891 1335; x_wconf 88' lang='lat' dir='ltr'>Nicholino</span> <span class='ocrx_word' id='word_1_215' title='bbox 1916 1302 2149 1344; x_wconf 89' lang='lat' dir='ltr'>suprascripto</span> <span class='ocrx_word' id='word_1_216' title='bbox 2176 1301 2312 1351; x_wconf 81' lang='lat' dir='ltr'>nomine</span> 
     </span>
     <span class='ocr_line' id='line_1_19' title="bbox 489 1363 2316 1407; baseline -0.002 -8"><span class='ocrx_word' id='word_1_217' title='bbox 489 1367 568 1400; x_wconf 90' lang='lat' dir='ltr'>dicti</span> <span class='ocrx_word' id='word_1_218' title='bbox 595 1365 733 1399; x_wconf 90' lang='lat' dir='ltr'>Ordinis</span> <span class='ocrx_word' id='word_1_219' title='bbox 758 1367 790 1398; x_wconf 91' lang='lat' dir='ltr'>et</span> <span class='ocrx_word' id='word_1_220' title='bbox 814 1366 879 1407; x_wconf 90' lang='lat' dir='ltr'>ipsi</span> <span class='ocrx_word' id='word_1_221' title='bbox 905 1363 1023 1398; x_wconf 88' lang='lat' dir='ltr'>Ordini</span> <span class='ocrx_word' id='word_1_222' title='bbox 1049 1365 1229 1397; x_wconf 88' lang='lat' dir='ltr'>antedicto.</span> <span class='ocrx_word' id='word_1_223' title='bbox 1256 1364 1334 1397; x_wconf 84' lang='lat' dir='ltr'>item</span> <span class='ocrx_word' id='word_1_224' title='bbox 1361 1365 1586 1406; x_wconf 89' lang='lat' dir='ltr'>promiserunt</span> <span class='ocrx_word' id='word_1_225' title='bbox 1610 1365 1651 1404; x_wconf 91' lang='lat' dir='ltr'>ei,</span> <span class='ocrx_word' id='word_1_226' title='bbox 1677 1373 1741 1397; x_wconf 89' lang='lat' dir='ltr'>suo</span> <span class='ocrx_word' id='word_1_227' title='bbox 1765 1366 1798 1397; x_wconf 90' lang='lat' dir='ltr'>et</span> <span class='ocrx_word' id='word_1_228' title='bbox 1822 1364 1974 1406; x_wconf 87' lang='lat' dir='ltr'>predicto</span> <span class='ocrx_word' id='word_1_229' title='bbox 1999 1364 2144 1403; x_wconf 92' lang='lat' dir='ltr'>nomine,</span> <span class='ocrx_word' id='word_1_230' title='bbox 2169 1363 2262 1406; x_wconf 88' lang='lat' dir='ltr'>quod</span> <span class='ocrx_word' id='word_1_231' title='bbox 2285 1363 2316 1397; x_wconf 87' lang='lat' dir='ltr'>si</span> 
     </span>
     <span class='ocr_line' id='line_1_20' title="bbox 490 1425 2319 1471; baseline -0.002 -9"><span class='ocrx_word' id='word_1_232' title='bbox 490 1430 604 1471; x_wconf 88' lang='lat' dir='ltr'>aliquo</span> <span class='ocrx_word' id='word_1_233' title='bbox 629 1431 779 1470; x_wconf 90' lang='lat' dir='ltr'>tempore</span> <span class='ocrx_word' id='word_1_234' title='bbox 805 1428 913 1460; x_wconf 90' lang='lat' dir='ltr'>eidem</span> <span class='ocrx_word' id='word_1_235' title='bbox 939 1427 1029 1460; x_wconf 86' lang='lat' dir='ltr'>fratri</span> <span class='ocrx_word' id='word_1_236' title='bbox 1055 1427 1246 1467; x_wconf 91' lang='lat' dir='ltr'>Nicholino‚</span> <span class='ocrx_word' id='word_1_237' title='bbox 1273 1427 1406 1460; x_wconf 91' lang='lat' dir='ltr'>nomine</span> <span class='ocrx_word' id='word_1_238' title='bbox 1424 1427 1504 1460; x_wconf 92' lang='lat' dir='ltr'>dicti</span> <span class='ocrx_word' id='word_1_239' title='bbox 1523 1425 1673 1467; x_wconf 92' lang='lat' dir='ltr'>Ordinis,</span> <span class='ocrx_word' id='word_1_240' title='bbox 1691 1429 1748 1460; x_wconf 87' lang='lat' dir='ltr'>aut</span> <span class='ocrx_word' id='word_1_241' title='bbox 1772 1427 1837 1469; x_wconf 91' lang='lat' dir='ltr'>ipsi</span> <span class='ocrx_word' id='word_1_242' title='bbox 1862 1425 1981 1460; x_wconf 89' lang='lat' dir='ltr'>Ordini</span> <span class='ocrx_word' id='word_1_243' title='bbox 1999 1425 2149 1459; x_wconf 85' lang='lat' dir='ltr'>Fratrum</span> <span class='ocrx_word' id='word_1_244' title='bbox 2167 1425 2319 1459; x_wconf 81' lang='lat' dir='ltr'>Heremi-</span> 
     </span>
     <span class='ocr_line' id='line_1_21' title="bbox 490 1487 2319 1531; baseline -0.001 -7"><span class='ocrx_word' id='word_1_245' title='bbox 490 1495 608 1530; x_wconf 90' lang='lat' dir='ltr'>tarum,</span> <span class='ocrx_word' id='word_1_246' title='bbox 634 1494 690 1524; x_wconf 87' lang='lat' dir='ltr'>aut</span> <span class='ocrx_word' id='word_1_247' title='bbox 715 1491 768 1523; x_wconf 90' lang='lat' dir='ltr'>cui</span> <span class='ocrx_word' id='word_1_248' title='bbox 794 1491 958 1529; x_wconf 87' lang='lat' dir='ltr'>dederint,</span> <span class='ocrx_word' id='word_1_249' title='bbox 984 1490 1025 1523; x_wconf 92' lang='lat' dir='ltr'>de</span> <span class='ocrx_word' id='word_1_250' title='bbox 1051 1490 1212 1531; x_wconf 91' lang='lat' dir='ltr'>predictis</span> <span class='ocrx_word' id='word_1_251' title='bbox 1238 1490 1395 1529; x_wconf 89' lang='lat' dir='ltr'>venditis,</span> <span class='ocrx_word' id='word_1_252' title='bbox 1421 1490 1453 1522; x_wconf 95' lang='lat' dir='ltr'>in</span> <span class='ocrx_word' id='word_1_253' title='bbox 1478 1491 1549 1522; x_wconf 90' lang='lat' dir='ltr'>toto</span> <span class='ocrx_word' id='word_1_254' title='bbox 1574 1490 1627 1522; x_wconf 92' lang='lat' dir='ltr'>vel</span> <span class='ocrx_word' id='word_1_255' title='bbox 1653 1490 1685 1522; x_wconf 93' lang='lat' dir='ltr'>in</span> <span class='ocrx_word' id='word_1_256' title='bbox 1710 1491 1815 1531; x_wconf 83' lang='lat' dir='ltr'>parte,</span> <span class='ocrx_word' id='word_1_257' title='bbox 1855 1489 2048 1531; x_wconf 90' lang='lat' dir='ltr'>apparuerit</span> <span class='ocrx_word' id='word_1_258' title='bbox 2083 1488 2222 1530; x_wconf 89' lang='lat' dir='ltr'>aliquod</span> <span class='ocrx_word' id='word_1_259' title='bbox 2257 1487 2319 1522; x_wconf 87' lang='lat' dir='ltr'>im-</span> 
     </span>
     <span class='ocr_line' id='line_1_22' title="bbox 492 1549 2319 1596; baseline -0.002 -10"><span class='ocrx_word' id='word_1_260' title='bbox 492 1555 737 1596; x_wconf 84' lang='lat' dir='ltr'>brigamentum</span> <span class='ocrx_word' id='word_1_261' title='bbox 763 1553 806 1585; x_wconf 88' lang='lat' dir='ltr'>ab</span> <span class='ocrx_word' id='word_1_262' title='bbox 831 1552 945 1594; x_wconf 88' lang='lat' dir='ltr'>aliqua</span> <span class='ocrx_word' id='word_1_263' title='bbox 970 1561 1127 1593; x_wconf 87' lang='lat' dir='ltr'>persona,</span> <span class='ocrx_word' id='word_1_264' title='bbox 1152 1554 1209 1584; x_wconf 91' lang='lat' dir='ltr'>aut</span> <span class='ocrx_word' id='word_1_265' title='bbox 1234 1552 1275 1584; x_wconf 91' lang='lat' dir='ltr'>de</span> <span class='ocrx_word' id='word_1_266' title='bbox 1301 1552 1371 1584; x_wconf 91' lang='lat' dir='ltr'>iure</span> <span class='ocrx_word' id='word_1_267' title='bbox 1397 1552 1507 1584; x_wconf 89' lang='lat' dir='ltr'>evicta</span> <span class='ocrx_word' id='word_1_268' title='bbox 1542 1551 1664 1584; x_wconf 81' lang='lat' dir='ltr'>tuerint</span> <span class='ocrx_word' id='word_1_269' title='bbox 1701 1552 1734 1584; x_wconf 91' lang='lat' dir='ltr'>in</span> <span class='ocrx_word' id='word_1_270' title='bbox 1758 1553 1829 1584; x_wconf 92' lang='lat' dir='ltr'>toto</span> <span class='ocrx_word' id='word_1_271' title='bbox 1854 1551 1907 1584; x_wconf 90' lang='lat' dir='ltr'>vel</span> <span class='ocrx_word' id='word_1_272' title='bbox 1925 1551 1958 1583; x_wconf 88' lang='lat' dir='ltr'>in</span> <span class='ocrx_word' id='word_1_273' title='bbox 1975 1552 2069 1593; x_wconf 84' lang='lat' dir='ltr'>parte</span> <span class='ocrx_word' id='word_1_274' title='bbox 2086 1549 2319 1592; x_wconf 81' lang='lat' dir='ltr'>suprascripta</span> 
     </span>
     <span class='ocr_line' id='line_1_23' title="bbox 492 1610 2321 1657; baseline -0.001 -9"><span class='ocrx_word' id='word_1_275' title='bbox 492 1617 641 1654; x_wconf 87' lang='lat' dir='ltr'>vendita,</span> <span class='ocrx_word' id='word_1_276' title='bbox 667 1615 759 1657; x_wconf 91' lang='lat' dir='ltr'>quod</span> <span class='ocrx_word' id='word_1_277' title='bbox 785 1615 922 1647; x_wconf 88' lang='lat' dir='ltr'>stabunt</span> <span class='ocrx_word' id='word_1_278' title='bbox 947 1615 977 1647; x_wconf 92' lang='lat' dir='ltr'>ei</span> <span class='ocrx_word' id='word_1_279' title='bbox 1003 1614 1236 1656; x_wconf 88' lang='lat' dir='ltr'>suprascripto</span> <span class='ocrx_word' id='word_1_280' title='bbox 1261 1614 1395 1646; x_wconf 91' lang='lat' dir='ltr'>nomine</span> <span class='ocrx_word' id='word_1_281' title='bbox 1420 1614 1643 1655; x_wconf 87' lang='lat' dir='ltr'>suprascripti</span> <span class='ocrx_word' id='word_1_282' title='bbox 1668 1612 1808 1647; x_wconf 89' lang='lat' dir='ltr'>Ordinis</span> <span class='ocrx_word' id='word_1_283' title='bbox 1832 1615 1865 1646; x_wconf 89' lang='lat' dir='ltr'>et</span> <span class='ocrx_word' id='word_1_284' title='bbox 1889 1613 1954 1655; x_wconf 91' lang='lat' dir='ltr'>ipsi</span> <span class='ocrx_word' id='word_1_285' title='bbox 1993 1612 2112 1646; x_wconf 91' lang='lat' dir='ltr'>Ordini</span> <span class='ocrx_word' id='word_1_286' title='bbox 2137 1613 2170 1646; x_wconf 88' lang='lat' dir='ltr'>et</span> <span class='ocrx_word' id='word_1_287' title='bbox 2193 1610 2321 1655; x_wconf 77' lang='lat' dir='ltr'>quibus</span> 
     </span>
     <span class='ocr_line' id='line_1_24' title="bbox 492 1674 2318 1718; baseline -0.002 -7"><span class='ocrx_word' id='word_1_288' title='bbox 492 1678 646 1711; x_wconf 91' lang='lat' dir='ltr'>dederint</span> <span class='ocrx_word' id='word_1_289' title='bbox 670 1678 702 1709; x_wconf 92' lang='lat' dir='ltr'>in</span> <span class='ocrx_word' id='word_1_290' title='bbox 728 1677 925 1710; x_wconf 84' lang='lat' dir='ltr'>auctoritate</span> <span class='ocrx_word' id='word_1_291' title='bbox 950 1678 983 1709; x_wconf 89' lang='lat' dir='ltr'>et</span> <span class='ocrx_word' id='word_1_292' title='bbox 1008 1677 1039 1708; x_wconf 93' lang='lat' dir='ltr'>in</span> <span class='ocrx_word' id='word_1_293' title='bbox 1077 1676 1275 1708; x_wconf 81' lang='lat' dir='ltr'>defensione</span> <span class='ocrx_word' id='word_1_294' title='bbox 1312 1676 1355 1709; x_wconf 88' lang='lat' dir='ltr'>ab</span> <span class='ocrx_word' id='word_1_295' title='bbox 1391 1676 1481 1709; x_wconf 89' lang='lat' dir='ltr'>omni</span> <span class='ocrx_word' id='word_1_296' title='bbox 1519 1685 1667 1718; x_wconf 90' lang='lat' dir='ltr'>persona</span> <span class='ocrx_word' id='word_1_297' title='bbox 1703 1685 1779 1709; x_wconf 91' lang='lat' dir='ltr'>cum</span> <span class='ocrx_word' id='word_1_298' title='bbox 1816 1676 1960 1709; x_wconf 87' lang='lat' dir='ltr'>racione.</span> <span class='ocrx_word' id='word_1_299' title='bbox 1998 1675 2038 1708; x_wconf 86' lang='lat' dir='ltr'>Et</span> <span class='ocrx_word' id='word_1_300' title='bbox 2073 1675 2102 1708; x_wconf 89' lang='lat' dir='ltr'>si</span> <span class='ocrx_word' id='word_1_301' title='bbox 2135 1674 2318 1708; x_wconf 84' lang='lat' dir='ltr'>defendere</span> 
     </span>
     <span class='ocr_line' id='line_1_25' title="bbox 494 1737 2320 1780; baseline -0.002 -7"><span class='ocrx_word' id='word_1_302' title='bbox 494 1741 659 1773; x_wconf 89' lang='lat' dir='ltr'>noluerint</span> <span class='ocrx_word' id='word_1_303' title='bbox 696 1739 748 1772; x_wconf 92' lang='lat' dir='ltr'>vel</span> <span class='ocrx_word' id='word_1_304' title='bbox 789 1737 1001 1780; x_wconf 85' lang='lat' dir='ltr'>nequiverint</span> <span class='ocrx_word' id='word_1_305' title='bbox 1026 1740 1058 1771; x_wconf 92' lang='lat' dir='ltr'>et</span> <span class='ocrx_word' id='word_1_306' title='bbox 1082 1739 1206 1771; x_wconf 90' lang='lat' dir='ltr'>exinde</span> <span class='ocrx_word' id='word_1_307' title='bbox 1231 1738 1390 1771; x_wconf 88' lang='lat' dir='ltr'>damnum</span> <span class='ocrx_word' id='word_1_308' title='bbox 1427 1738 1565 1780; x_wconf 90' lang='lat' dir='ltr'>aliquod</span> <span class='ocrx_word' id='word_1_309' title='bbox 1602 1739 1711 1771; x_wconf 90' lang='lat' dir='ltr'>eidem</span> <span class='ocrx_word' id='word_1_310' title='bbox 1742 1738 1807 1780; x_wconf 89' lang='lat' dir='ltr'>ipsi</span> <span class='ocrx_word' id='word_1_311' title='bbox 1843 1738 1934 1771; x_wconf 82' lang='lat' dir='ltr'>fratri</span> <span class='ocrx_word' id='word_1_312' title='bbox 1959 1737 2150 1778; x_wconf 90' lang='lat' dir='ltr'>Nicholino,</span> <span class='ocrx_word' id='word_1_313' title='bbox 2186 1737 2320 1771; x_wconf 89' lang='lat' dir='ltr'>nomine</span> 
     </span>
     <span class='ocr_line' id='line_1_26' title="bbox 495 1799 2323 1842; baseline -0.001 -8"><span class='ocrx_word' id='word_1_314' title='bbox 495 1803 575 1835; x_wconf 90' lang='lat' dir='ltr'>dicti</span> <span class='ocrx_word' id='word_1_315' title='bbox 594 1801 733 1835; x_wconf 89' lang='lat' dir='ltr'>Ordinis</span> <span class='ocrx_word' id='word_1_316' title='bbox 752 1801 901 1834; x_wconf 86' lang='lat' dir='ltr'>Fratrum</span> <span class='ocrx_word' id='word_1_317' title='bbox 928 1801 1182 1840; x_wconf 86' lang='lat' dir='ltr'>Heremitarum,</span> <span class='ocrx_word' id='word_1_318' title='bbox 1208 1802 1264 1833; x_wconf 88' lang='lat' dir='ltr'>aut</span> <span class='ocrx_word' id='word_1_319' title='bbox 1290 1801 1354 1842; x_wconf 88' lang='lat' dir='ltr'>ipsi</span> <span class='ocrx_word' id='word_1_320' title='bbox 1373 1799 1549 1833; x_wconf 72' lang='lat' dir='ltr'>Ordini&#39;et</span> <span class='ocrx_word' id='word_1_321' title='bbox 1574 1801 1700 1842; x_wconf 90' lang='lat' dir='ltr'>quibus</span> <span class='ocrx_word' id='word_1_322' title='bbox 1717 1801 1882 1839; x_wconf 90' lang='lat' dir='ltr'>dederint,</span> <span class='ocrx_word' id='word_1_323' title='bbox 1899 1801 2070 1840; x_wconf 86' lang='lat' dir='ltr'>acciderit,</span> <span class='ocrx_word' id='word_1_324' title='bbox 2087 1802 2193 1833; x_wconf 87' lang='lat' dir='ltr'>totum</span> <span class='ocrx_word' id='word_1_325' title='bbox 2210 1799 2323 1842; x_wconf 88' lang='lat' dir='ltr'>ipsum</span> 
     </span>
     <span class='ocr_line' id='line_1_27' title="bbox 495 1861 2318 1906; baseline -0.001 -9"><span class='ocrx_word' id='word_1_326' title='bbox 495 1865 678 1906; x_wconf 87' lang='lat' dir='ltr'>dampnum</span> <span class='ocrx_word' id='word_1_327' title='bbox 705 1865 733 1896; x_wconf 91' lang='lat' dir='ltr'>ei</span> <span class='ocrx_word' id='word_1_328' title='bbox 761 1864 993 1905; x_wconf 89' lang='lat' dir='ltr'>suprascripto</span> <span class='ocrx_word' id='word_1_329' title='bbox 1019 1864 1152 1895; x_wconf 90' lang='lat' dir='ltr'>nomine</span> <span class='ocrx_word' id='word_1_330' title='bbox 1178 1863 1258 1896; x_wconf 92' lang='lat' dir='ltr'>dicti</span> <span class='ocrx_word' id='word_1_331' title='bbox 1291 1862 1430 1896; x_wconf 91' lang='lat' dir='ltr'>Ordinis</span> <span class='ocrx_word' id='word_1_332' title='bbox 1455 1865 1487 1896; x_wconf 90' lang='lat' dir='ltr'>et</span> <span class='ocrx_word' id='word_1_333' title='bbox 1511 1864 1576 1905; x_wconf 92' lang='lat' dir='ltr'>ipsi</span> <span class='ocrx_word' id='word_1_334' title='bbox 1595 1862 1714 1896; x_wconf 92' lang='lat' dir='ltr'>Ordini</span> <span class='ocrx_word' id='word_1_335' title='bbox 1739 1865 1772 1896; x_wconf 89' lang='lat' dir='ltr'>et</span> <span class='ocrx_word' id='word_1_336' title='bbox 1796 1864 1922 1905; x_wconf 92' lang='lat' dir='ltr'>quibus</span> <span class='ocrx_word' id='word_1_337' title='bbox 1947 1863 2101 1896; x_wconf 91' lang='lat' dir='ltr'>dederint</span> <span class='ocrx_word' id='word_1_338' title='bbox 2124 1861 2258 1896; x_wconf 90' lang='lat' dir='ltr'>solvere</span> <span class='ocrx_word' id='word_1_339' title='bbox 2285 1863 2318 1895; x_wconf 87' lang='lat' dir='ltr'>et</span> 
     </span>
     <span class='ocr_line' id='line_1_28' title="bbox 496 1923 2323 1968; baseline -0.001 -9"><span class='ocrx_word' id='word_1_340' title='bbox 496 1928 670 1959; x_wconf 88' lang='lat' dir='ltr'>restituere</span> <span class='ocrx_word' id='word_1_341' title='bbox 696 1927 921 1968; x_wconf 88' lang='lat' dir='ltr'>promiserunt</span> <span class='ocrx_word' id='word_1_342' title='bbox 946 1926 987 1958; x_wconf 85' lang='lat' dir='ltr'>ad</span> <span class='ocrx_word' id='word_1_343' title='bbox 1014 1927 1091 1958; x_wconf 93' lang='lat' dir='ltr'>octo</span> <span class='ocrx_word' id='word_1_344' title='bbox 1116 1926 1190 1958; x_wconf 88' lang='lat' dir='ltr'>dies</span> <span class='ocrx_word' id='word_1_345' title='bbox 1215 1926 1390 1967; x_wconf 90' lang='lat' dir='ltr'>proximos</span> <span class='ocrx_word' id='word_1_346' title='bbox 1416 1928 1597 1967; x_wconf 89' lang='lat' dir='ltr'>postquam</span> <span class='ocrx_word' id='word_1_347' title='bbox 1623 1926 1807 1967; x_wconf 89' lang='lat' dir='ltr'>dampnum</span> <span class='ocrx_word' id='word_1_348' title='bbox 1832 1925 2003 1965; x_wconf 87' lang='lat' dir='ltr'>acciderit,</span> <span class='ocrx_word' id='word_1_349' title='bbox 2032 1926 2064 1958; x_wconf 88' lang='lat' dir='ltr'>et</span> <span class='ocrx_word' id='word_1_350' title='bbox 2089 1925 2219 1958; x_wconf 90' lang='lat' dir='ltr'>eisdem</span> <span class='ocrx_word' id='word_1_351' title='bbox 2254 1923 2323 1960; x_wconf 84' lang='lat' dir='ltr'>Ru-</span> 
     </span>
     <span class='ocr_line' id='line_1_29' title="bbox 495 1987 2324 2030; baseline -0.001 -9"><span class='ocrx_word' id='word_1_352' title='bbox 495 1990 563 2021; x_wconf 82' lang='lat' dir='ltr'>fino</span> <span class='ocrx_word' id='word_1_353' title='bbox 589 1991 620 2021; x_wconf 93' lang='lat' dir='ltr'>et</span> <span class='ocrx_word' id='word_1_354' title='bbox 645 1988 784 2030; x_wconf 77' lang='lat' dir='ltr'>Pagano</span> <span class='ocrx_word' id='word_1_355' title='bbox 809 1988 861 2020; x_wconf 90' lang='lat' dir='ltr'>vel</span> <span class='ocrx_word' id='word_1_356' title='bbox 888 1997 1003 2020; x_wconf 89' lang='lat' dir='ltr'>eorum</span> <span class='ocrx_word' id='word_1_357' title='bbox 1029 1988 1134 2020; x_wconf 88' lang='lat' dir='ltr'>altero</span> <span class='ocrx_word' id='word_1_358' title='bbox 1160 1988 1212 2020; x_wconf 91' lang='lat' dir='ltr'>vel</span> <span class='ocrx_word' id='word_1_359' title='bbox 1238 1997 1353 2020; x_wconf 92' lang='lat' dir='ltr'>eorum</span> <span class='ocrx_word' id='word_1_360' title='bbox 1379 1988 1562 2021; x_wconf 88' lang='lat' dir='ltr'>heredibus</span> <span class='ocrx_word' id='word_1_361' title='bbox 1588 1989 1785 2029; x_wconf 91' lang='lat' dir='ltr'>requisitum</span> <span class='ocrx_word' id='word_1_362' title='bbox 1810 1988 1919 2027; x_wconf 81' lang='lat' dir='ltr'>fuerit,</span> <span class='ocrx_word' id='word_1_363' title='bbox 1949 1997 2025 2021; x_wconf 89' lang='lat' dir='ltr'>curn</span> <span class='ocrx_word' id='word_1_364' title='bbox 2049 1987 2214 2029; x_wconf 86' lang='lat' dir='ltr'>expensis</span> <span class='ocrx_word' id='word_1_365' title='bbox 2252 1995 2324 2020; x_wconf 87' lang='lat' dir='ltr'>om-</span> 
     </span>
     <span class='ocr_line' id='line_1_30' title="bbox 497 2039 2323 2092; baseline -0.001 -9"><span class='ocrx_word' id='word_1_366' title='bbox 497 2052 597 2083; x_wconf 90' lang='lat' dir='ltr'>nibus</span> <span class='ocrx_word' id='word_1_367' title='bbox 622 2060 687 2092; x_wconf 89' lang='lat' dir='ltr'>que</span> <span class='ocrx_word' id='word_1_368' title='bbox 712 2050 798 2082; x_wconf 85' lang='lat' dir='ltr'>facte</span> <span class='ocrx_word' id='word_1_369' title='bbox 823 2050 945 2082; x_wconf 83' lang='lat' dir='ltr'>fuerint</span> <span class='ocrx_word' id='word_1_370' title='bbox 971 2059 1031 2091; x_wconf 92' lang='lat' dir='ltr'>pro</span> <span class='ocrx_word' id='word_1_371' title='bbox 1057 2051 1133 2091; x_wconf 90' lang='lat' dir='ltr'>ipso</span> <span class='ocrx_word' id='word_1_372' title='bbox 1159 2050 1307 2091; x_wconf 90' lang='lat' dir='ltr'>dampno</span> <span class='ocrx_word' id='word_1_373' title='bbox 1332 2050 1489 2091; x_wconf 89' lang='lat' dir='ltr'>petendo.</span> <span class='ocrx_word' id='word_1_374' title='bbox 1516 2048 1697 2083; x_wconf 92' lang='lat' dir='ltr'>Credendo</span> <span class='ocrx_word' id='word_1_375' title='bbox 1722 2050 1772 2083; x_wconf 93' lang='lat' dir='ltr'>eis</span> <span class='ocrx_word' id='word_1_376' title='bbox 1797 2051 1870 2083; x_wconf 90' lang='lat' dir='ltr'>sine</span> <span class='ocrx_word' id='word_1_377' title='bbox 1896 2039 2082 2083; x_wconf 86' lang='lat' dir='ltr'>iuramento</span> <span class='ocrx_word' id='word_1_378' title='bbox 2106 2049 2149 2082; x_wconf 92' lang='lat' dir='ltr'>de</span> <span class='ocrx_word' id='word_1_379' title='bbox 2173 2049 2323 2091; x_wconf 79' lang='lat' dir='ltr'>dampno</span> 
     </span>
     <span class='ocr_line' id='line_1_31' title="bbox 496 2110 2324 2154; baseline -0.001 -9"><span class='ocrx_word' id='word_1_380' title='bbox 496 2116 529 2145; x_wconf 88' lang='lat' dir='ltr'>et</span> <span class='ocrx_word' id='word_1_381' title='bbox 554 2113 717 2154; x_wconf 88' lang='lat' dir='ltr'>expensis</span> <span class='ocrx_word' id='word_1_382' title='bbox 743 2114 841 2153; x_wconf 91' lang='lat' dir='ltr'>prout</span> <span class='ocrx_word' id='word_1_383' title='bbox 866 2112 994 2144; x_wconf 90' lang='lat' dir='ltr'>eisdem</span> <span class='ocrx_word' id='word_1_384' title='bbox 1020 2112 1179 2144; x_wconf 84' lang='lat' dir='ltr'>fratribus</span> <span class='ocrx_word' id='word_1_385' title='bbox 1204 2112 1351 2144; x_wconf 88' lang='lat' dir='ltr'>dixerint</span> <span class='ocrx_word' id='word_1_386' title='bbox 1376 2111 1496 2146; x_wconf 84' lang='lat' dir='ltr'>Rufino</span> <span class='ocrx_word' id='word_1_387' title='bbox 1521 2114 1553 2145; x_wconf 87' lang='lat' dir='ltr'>et</span> <span class='ocrx_word' id='word_1_388' title='bbox 1578 2111 1733 2154; x_wconf 83' lang='lat' dir='ltr'>Pagano‚</span> <span class='ocrx_word' id='word_1_389' title='bbox 1759 2113 1800 2145; x_wconf 90' lang='lat' dir='ltr'>de</span> <span class='ocrx_word' id='word_1_390' title='bbox 1826 2121 1895 2154; x_wconf 89' lang='lat' dir='ltr'>quo</span> <span class='ocrx_word' id='word_1_391' title='bbox 1923 2112 2072 2153; x_wconf 89' lang='lat' dir='ltr'>dampno</span> <span class='ocrx_word' id='word_1_392' title='bbox 2100 2113 2132 2144; x_wconf 89' lang='lat' dir='ltr'>et</span> <span class='ocrx_word' id='word_1_393' title='bbox 2159 2110 2324 2153; x_wconf 86' lang='lat' dir='ltr'>expensis</span> 
     </span>
     <span class='ocr_line' id='line_1_32' title="bbox 501 2173 2368 2216; baseline -0.001 -8"><span class='ocrx_word' id='word_1_394' title='bbox 501 2175 581 2208; x_wconf 89' lang='lat' dir='ltr'>dicti</span> <span class='ocrx_word' id='word_1_395' title='bbox 599 2175 718 2207; x_wconf 85' lang='lat' dir='ltr'>fratres</span> <span class='ocrx_word' id='word_1_396' title='bbox 737 2174 877 2208; x_wconf 83' lang='lat' dir='ltr'>Rufinus</span> <span class='ocrx_word' id='word_1_397' title='bbox 895 2177 927 2207; x_wconf 91' lang='lat' dir='ltr'>et</span> <span class='ocrx_word' id='word_1_398' title='bbox 945 2174 1103 2216; x_wconf 77' lang='lat' dir='ltr'>paganus</span> <span class='ocrx_word' id='word_1_399' title='bbox 1122 2177 1352 2207; x_wconf 89' lang='lat' dir='ltr'>convenerunt</span> <span class='ocrx_word' id='word_1_400' title='bbox 1369 2177 1400 2207; x_wconf 86' lang='lat' dir='ltr'>et</span> <span class='ocrx_word' id='word_1_401' title='bbox 1418 2175 1644 2216; x_wconf 89' lang='lat' dir='ltr'>promiserunt</span> <span class='ocrx_word' id='word_1_402' title='bbox 1661 2175 1770 2208; x_wconf 91' lang='lat' dir='ltr'>eidem</span> <span class='ocrx_word' id='word_1_403' title='bbox 1788 2175 1879 2207; x_wconf 89' lang='lat' dir='ltr'>fratri</span> <span class='ocrx_word' id='word_1_404' title='bbox 1897 2174 2078 2207; x_wconf 90' lang='lat' dir='ltr'>Nicholino</span> <span class='ocrx_word' id='word_1_405' title='bbox 2095 2173 2230 2206; x_wconf 90' lang='lat' dir='ltr'>nomine</span> <span class='ocrx_word' id='word_1_406' title='bbox 2242 2173 2323 2207; x_wconf 89' lang='lat' dir='ltr'>dicti</span> <span class='ocrx_word' id='word_1_407' title='bbox 2366 2212 2368 2214; x_wconf 28' lang='grc'><strong>,</strong></span> 
     </span>
     <span class='ocr_line' id='line_1_33' title="bbox 498 2234 2324 2278; baseline -0.001 -9"><span class='ocrx_word' id='word_1_408' title='bbox 498 2236 637 2270; x_wconf 91' lang='lat' dir='ltr'>Ordinis</span> <span class='ocrx_word' id='word_1_409' title='bbox 662 2238 694 2268; x_wconf 89' lang='lat' dir='ltr'>et</span> <span class='ocrx_word' id='word_1_410' title='bbox 712 2237 776 2277; x_wconf 90' lang='lat' dir='ltr'>ipsi</span> <span class='ocrx_word' id='word_1_411' title='bbox 795 2235 913 2269; x_wconf 91' lang='lat' dir='ltr'>Ordini</span> <span class='ocrx_word' id='word_1_412' title='bbox 939 2238 971 2268; x_wconf 89' lang='lat' dir='ltr'>et</span> <span class='ocrx_word' id='word_1_413' title='bbox 996 2237 1122 2278; x_wconf 89' lang='lat' dir='ltr'>quibus</span> <span class='ocrx_word' id='word_1_414' title='bbox 1147 2237 1301 2269; x_wconf 89' lang='lat' dir='ltr'>dederint</span> <span class='ocrx_word' id='word_1_415' title='bbox 1325 2236 1435 2269; x_wconf 84' lang='lat' dir='ltr'>facere</span> <span class='ocrx_word' id='word_1_416' title='bbox 1461 2236 1663 2269; x_wconf 90' lang='lat' dir='ltr'>solutionem</span> <span class='ocrx_word' id='word_1_417' title='bbox 1690 2236 1853 2278; x_wconf 88' lang='lat' dir='ltr'>imperiali</span> <span class='ocrx_word' id='word_1_418' title='bbox 1871 2238 2005 2269; x_wconf 89' lang='lat' dir='ltr'>moneta</span> <span class='ocrx_word' id='word_1_419' title='bbox 2022 2237 2160 2275; x_wconf 90' lang='lat' dir='ltr'>tantum,</span> <span class='ocrx_word' id='word_1_420' title='bbox 2177 2234 2324 2277; x_wconf 86' lang='lat' dir='ltr'>quisque</span> 
     </span>
     <span class='ocr_line' id='line_1_34' title="bbox 499 2296 2323 2340; baseline -0.001 -9"><span class='ocrx_word' id='word_1_421' title='bbox 499 2300 649 2340; x_wconf 91' lang='lat' dir='ltr'>ipsorum</span> <span class='ocrx_word' id='word_1_422' title='bbox 675 2297 784 2332; x_wconf 82' lang='lat' dir='ltr'>Rufini</span> <span class='ocrx_word' id='word_1_423' title='bbox 810 2300 842 2330; x_wconf 91' lang='lat' dir='ltr'>et</span> <span class='ocrx_word' id='word_1_424' title='bbox 867 2297 994 2340; x_wconf 76' lang='lat' dir='ltr'>pagani</span> <span class='ocrx_word' id='word_1_425' title='bbox 1020 2307 1056 2330; x_wconf 92' lang='lat' dir='ltr'>se</span> <span class='ocrx_word' id='word_1_426' title='bbox 1083 2298 1215 2330; x_wconf 90' lang='lat' dir='ltr'>solvere</span> <span class='ocrx_word' id='word_1_427' title='bbox 1242 2300 1274 2330; x_wconf 90' lang='lat' dir='ltr'>et</span> <span class='ocrx_word' id='word_1_428' title='bbox 1299 2299 1471 2331; x_wconf 86' lang='lat' dir='ltr'>attendere</span> <span class='ocrx_word' id='word_1_429' title='bbox 1496 2299 1729 2340; x_wconf 88' lang='lat' dir='ltr'>suprascripto</span> <span class='ocrx_word' id='word_1_430' title='bbox 1754 2298 1845 2331; x_wconf 86' lang='lat' dir='ltr'>fratri</span> <span class='ocrx_word' id='word_1_431' title='bbox 1878 2297 2059 2330; x_wconf 90' lang='lat' dir='ltr'>Nicholino</span> <span class='ocrx_word' id='word_1_432' title='bbox 2084 2297 2218 2330; x_wconf 89' lang='lat' dir='ltr'>nomine</span> <span class='ocrx_word' id='word_1_433' title='bbox 2242 2296 2323 2331; x_wconf 87' lang='lat' dir='ltr'>dieti</span> 
     </span>
     <span class='ocr_line' id='line_1_35' title="bbox 499 2359 2325 2403; baseline 0 -11"><span class='ocrx_word' id='word_1_434' title='bbox 499 2360 638 2393; x_wconf 89' lang='lat' dir='ltr'>Ordinis</span> <span class='ocrx_word' id='word_1_435' title='bbox 656 2362 687 2392; x_wconf 90' lang='lat' dir='ltr'>et</span> <span class='ocrx_word' id='word_1_436' title='bbox 714 2360 778 2401; x_wconf 89' lang='lat' dir='ltr'>ipsi</span> <span class='ocrx_word' id='word_1_437' title='bbox 797 2359 915 2392; x_wconf 91' lang='lat' dir='ltr'>Ordini</span> <span class='ocrx_word' id='word_1_438' title='bbox 942 2362 973 2392; x_wconf 82' lang='lat' dir='ltr'>et</span> <span class='ocrx_word' id='word_1_439' title='bbox 998 2360 1051 2393; x_wconf 93' lang='lat' dir='ltr'>cui</span> <span class='ocrx_word' id='word_1_440' title='bbox 1077 2360 1231 2393; x_wconf 88' lang='lat' dir='ltr'>dederint</span> <span class='ocrx_word' id='word_1_441' title='bbox 1255 2361 1367 2393; x_wconf 89' lang='lat' dir='ltr'>omnia</span> <span class='ocrx_word' id='word_1_442' title='bbox 1392 2362 1424 2393; x_wconf 90' lang='lat' dir='ltr'>et</span> <span class='ocrx_word' id='word_1_443' title='bbox 1449 2361 1582 2403; x_wconf 90' lang='lat' dir='ltr'>singula</span> <span class='ocrx_word' id='word_1_444' title='bbox 1607 2361 1640 2393; x_wconf 95' lang='lat' dir='ltr'>in</span> <span class='ocrx_word' id='word_1_445' title='bbox 1665 2361 1812 2393; x_wconf 92' lang='lat' dir='ltr'>solidum</span> <span class='ocrx_word' id='word_1_446' title='bbox 1837 2360 2036 2402; x_wconf 86' lang='lat' dir='ltr'>obligando,</span> <span class='ocrx_word' id='word_1_447' title='bbox 2073 2369 2173 2402; x_wconf 92' lang='lat' dir='ltr'>quem</span> <span class='ocrx_word' id='word_1_448' title='bbox 2209 2368 2325 2393; x_wconf 86' lang='lat' dir='ltr'>eorum</span> 
     </span>
     <span class='ocr_line' id='line_1_36' title="bbox 500 2421 2327 2465; baseline 0.001 -11"><span class='ocrx_word' id='word_1_449' title='bbox 500 2423 623 2465; x_wconf 88' lang='lat' dir='ltr'>eligere</span> <span class='ocrx_word' id='word_1_450' title='bbox 649 2422 825 2455; x_wconf 89' lang='lat' dir='ltr'>voluerint.</span> <span class='ocrx_word' id='word_1_451' title='bbox 851 2422 1094 2457; x_wconf 86' lang='lat' dir='ltr'>Renunciando</span> <span class='ocrx_word' id='word_1_452' title='bbox 1121 2422 1271 2464; x_wconf 86' lang='lat' dir='ltr'>Epistole</span> <span class='ocrx_word' id='word_1_453' title='bbox 1297 2423 1366 2455; x_wconf 90' lang='lat' dir='ltr'>divi</span> <span class='ocrx_word' id='word_1_454' title='bbox 1393 2422 1530 2456; x_wconf 82' lang='lat' dir='ltr'>Adriani</span> <span class='ocrx_word' id='word_1_455' title='bbox 1557 2425 1589 2456; x_wconf 91' lang='lat' dir='ltr'>et</span> <span class='ocrx_word' id='word_1_456' title='bbox 1613 2423 1749 2456; x_wconf 85' lang='lat' dir='ltr'>duabus</span> <span class='ocrx_word' id='word_1_457' title='bbox 1777 2423 1877 2456; x_wconf 87' lang='lat' dir='ltr'>novis</span> <span class='ocrx_word' id='word_1_458' title='bbox 1894 2421 2213 2462; x_wconf 88' lang='lat' dir='ltr'>Constitutionibus,</span> <span class='ocrx_word' id='word_1_459' title='bbox 2241 2430 2327 2464; x_wconf 85' lang='lat' dir='ltr'>qua-</span> 
     </span>
     <span class='ocr_line' id='line_1_37' title="bbox 502 2484 2326 2526; baseline 0.001 -10"><span class='ocrx_word' id='word_1_460' title='bbox 502 2494 572 2516; x_wconf 91' lang='lat' dir='ltr'>rum</span> <span class='ocrx_word' id='word_1_461' title='bbox 598 2485 630 2516; x_wconf 92' lang='lat' dir='ltr'>in</span> <span class='ocrx_word' id='word_1_462' title='bbox 657 2494 722 2516; x_wconf 90' lang='lat' dir='ltr'>una</span> <span class='ocrx_word' id='word_1_463' title='bbox 747 2484 869 2516; x_wconf 90' lang='lat' dir='ltr'>dicitur</span> <span class='ocrx_word' id='word_1_464' title='bbox 893 2486 928 2517; x_wconf 88' lang='lat' dir='ltr'>ut</span> <span class='ocrx_word' id='word_1_465' title='bbox 953 2485 1073 2526; x_wconf 89' lang='lat' dir='ltr'>nequis</span> <span class='ocrx_word' id='word_1_466' title='bbox 1098 2494 1141 2517; x_wconf 90' lang='lat' dir='ltr'>ex</span> <span class='ocrx_word' id='word_1_467' title='bbox 1167 2485 1233 2517; x_wconf 90' lang='lat' dir='ltr'>reis</span> <span class='ocrx_word' id='word_1_468' title='bbox 1272 2485 1493 2517; x_wconf 86' lang='lat' dir='ltr'>conveniatur</span> <span class='ocrx_word' id='word_1_469' title='bbox 1528 2485 1560 2517; x_wconf 91' lang='lat' dir='ltr'>in</span> <span class='ocrx_word' id='word_1_470' title='bbox 1597 2485 1743 2518; x_wconf 90' lang='lat' dir='ltr'>solidum</span> <span class='ocrx_word' id='word_1_471' title='bbox 1776 2485 1884 2517; x_wconf 92' lang='lat' dir='ltr'>donec</span> <span class='ocrx_word' id='word_1_472' title='bbox 1921 2484 2004 2517; x_wconf 88' lang='lat' dir='ltr'>alter</span> <span class='ocrx_word' id='word_1_473' title='bbox 2038 2485 2082 2517; x_wconf 87' lang='lat' dir='ltr'>sit</span> <span class='ocrx_word' id='word_1_474' title='bbox 2115 2492 2258 2526; x_wconf 87' lang='lat' dir='ltr'>presens</span> <span class='ocrx_word' id='word_1_475' title='bbox 2292 2485 2326 2517; x_wconf 87' lang='lat' dir='ltr'>et</span> 
     </span>
     <span class='ocr_line' id='line_1_38' title="bbox 503 2547 2326 2588; baseline 0.001 -10"><span class='ocrx_word' id='word_1_476' title='bbox 503 2547 700 2585; x_wconf 88' lang='lat' dir='ltr'>solvendus,</span> <span class='ocrx_word' id='word_1_477' title='bbox 726 2547 830 2579; x_wconf 86' lang='lat' dir='ltr'>altera</span> <span class='ocrx_word' id='word_1_478' title='bbox 855 2556 935 2579; x_wconf 88' lang='lat' dir='ltr'>vero</span> <span class='ocrx_word' id='word_1_479' title='bbox 961 2548 1099 2579; x_wconf 89' lang='lat' dir='ltr'>cavetur</span> <span class='ocrx_word' id='word_1_480' title='bbox 1124 2549 1158 2579; x_wconf 87' lang='lat' dir='ltr'>ut</span> <span class='ocrx_word' id='word_1_481' title='bbox 1183 2547 1380 2588; x_wconf 89' lang='lat' dir='ltr'>principalis</span> <span class='ocrx_word' id='word_1_482' title='bbox 1405 2547 1538 2580; x_wconf 90' lang='lat' dir='ltr'>debitor</span> <span class='ocrx_word' id='word_1_483' title='bbox 1562 2548 1656 2588; x_wconf 90' lang='lat' dir='ltr'>prius</span> <span class='ocrx_word' id='word_1_484' title='bbox 1681 2547 1902 2580; x_wconf 88' lang='lat' dir='ltr'>conveniatur</span> <span class='ocrx_word' id='word_1_485' title='bbox 1926 2556 2027 2588; x_wconf 90' lang='lat' dir='ltr'>quam</span> <span class='ocrx_word' id='word_1_486' title='bbox 2055 2547 2257 2586; x_wconf 83' lang='lat' dir='ltr'>fideiussor,</span> <span class='ocrx_word' id='word_1_487' title='bbox 2293 2547 2326 2579; x_wconf 90' lang='lat' dir='ltr'>et</span> 
     </span>
     <span class='ocr_line' id='line_1_39' title="bbox 503 2608 2326 2651; baseline 0.001 -11"><span class='ocrx_word' id='word_1_488' title='bbox 503 2609 592 2640; x_wconf 89' lang='lat' dir='ltr'>omni</span> <span class='ocrx_word' id='word_1_489' title='bbox 619 2609 673 2641; x_wconf 91' lang='lat' dir='ltr'>alii</span> <span class='ocrx_word' id='word_1_490' title='bbox 700 2609 781 2641; x_wconf 90' lang='lat' dir='ltr'>iuris</span> <span class='ocrx_word' id='word_1_491' title='bbox 814 2609 1018 2650; x_wconf 88' lang='lat' dir='ltr'>exceptioni,</span> <span class='ocrx_word' id='word_1_492' title='bbox 1048 2608 1255 2649; x_wconf 84' lang='lat' dir='ltr'>defensioni,</span> <span class='ocrx_word' id='word_1_493' title='bbox 1292 2609 1529 2642; x_wconf 91' lang='lat' dir='ltr'>consuetudini</span> <span class='ocrx_word' id='word_1_494' title='bbox 1555 2611 1587 2642; x_wconf 90' lang='lat' dir='ltr'>et</span> <span class='ocrx_word' id='word_1_495' title='bbox 1612 2609 1723 2651; x_wconf 91' lang='lat' dir='ltr'>legum</span> <span class='ocrx_word' id='word_1_496' title='bbox 1748 2611 1780 2642; x_wconf 88' lang='lat' dir='ltr'>et</span> <span class='ocrx_word' id='word_1_497' title='bbox 1812 2618 1978 2642; x_wconf 90' lang='lat' dir='ltr'>canonum</span> <span class='ocrx_word' id='word_1_498' title='bbox 2014 2608 2164 2648; x_wconf 88' lang='lat' dir='ltr'>auxilio,</span> <span class='ocrx_word' id='word_1_499' title='bbox 2200 2609 2326 2650; x_wconf 91' lang='lat' dir='ltr'>quibus</span> 
     </span>
     <span class='ocr_line' id='line_1_40' title="bbox 504 2671 2326 2714; baseline 0 -11"><span class='ocrx_word' id='word_1_500' title='bbox 504 2673 644 2711; x_wconf 88' lang='lat' dir='ltr'>possent</span> <span class='ocrx_word' id='word_1_501' title='bbox 670 2672 734 2712; x_wconf 91' lang='lat' dir='ltr'>ipsi</span> <span class='ocrx_word' id='word_1_502' title='bbox 761 2671 813 2704; x_wconf 90' lang='lat' dir='ltr'>vel</span> <span class='ocrx_word' id='word_1_503' title='bbox 839 2681 954 2704; x_wconf 91' lang='lat' dir='ltr'>eorum</span> <span class='ocrx_word' id='word_1_504' title='bbox 980 2671 1062 2704; x_wconf 90' lang='lat' dir='ltr'>alter</span> <span class='ocrx_word' id='word_1_505' title='bbox 1086 2680 1123 2704; x_wconf 92' lang='lat' dir='ltr'>se</span> <span class='ocrx_word' id='word_1_506' title='bbox 1148 2672 1232 2704; x_wconf 89' lang='lat' dir='ltr'>tueri</span> <span class='ocrx_word' id='word_1_507' title='bbox 1258 2674 1374 2704; x_wconf 89' lang='lat' dir='ltr'>contra</span> <span class='ocrx_word' id='word_1_508' title='bbox 1399 2672 1551 2713; x_wconf 88' lang='lat' dir='ltr'>predicta</span> <span class='ocrx_word' id='word_1_509' title='bbox 1575 2672 1688 2704; x_wconf 88' lang='lat' dir='ltr'>omnia</span> <span class='ocrx_word' id='word_1_510' title='bbox 1712 2673 1745 2704; x_wconf 90' lang='lat' dir='ltr'>et</span> <span class='ocrx_word' id='word_1_511' title='bbox 1769 2671 1903 2714; x_wconf 87' lang='lat' dir='ltr'>singula</span> <span class='ocrx_word' id='word_1_512' title='bbox 1928 2671 1982 2704; x_wconf 92' lang='lat' dir='ltr'>vel</span> <span class='ocrx_word' id='word_1_513' title='bbox 2007 2671 2135 2712; x_wconf 90' lang='lat' dir='ltr'>aliquid</span> <span class='ocrx_word' id='word_1_514' title='bbox 2171 2671 2214 2703; x_wconf 89' lang='lat' dir='ltr'>de</span> <span class='ocrx_word' id='word_1_515' title='bbox 2249 2679 2326 2712; x_wconf 89' lang='lat' dir='ltr'>pre-</span> 
     </span>
    </p>
   </div>
   <div class='ocr_carea' id='block_1_4' title="bbox 511 2827 2324 2990">
    <p class='ocr_par' dir='ltr' id='par_1_4' title="bbox 511 2827 2324 2990">
     <span class='ocr_line' id='line_1_41' title="bbox 563 2827 2323 2856; baseline 0.001 -8"><span class='ocrx_word' id='word_1_516' title='bbox 563 2827 592 2852; x_wconf 89' lang='grc'>(1)</span> <span class='ocrx_word' id='word_1_517' title='bbox 608 2827 642 2849; x_wconf 87' lang='lat' dir='ltr'>Gli</span> <span class='ocrx_word' id='word_1_518' title='bbox 658 2828 734 2849; x_wconf 87' lang='lat' dir='ltr'>stabili</span> <span class='ocrx_word' id='word_1_519' title='bbox 750 2829 875 2854; x_wconf 83' lang='lat' dir='ltr'>acquistati</span> <span class='ocrx_word' id='word_1_520' title='bbox 900 2829 1041 2851; x_wconf 86' lang='lat' dir='ltr'>dall&#39;Ordine</span> <span class='ocrx_word' id='word_1_521' title='bbox 1063 2835 1133 2851; x_wconf 79' lang='lat' dir='ltr'>erano</span> <span class='ocrx_word' id='word_1_522' title='bbox 1147 2829 1257 2856; x_wconf 87' lang='lat' dir='ltr'>adunque</span> <span class='ocrx_word' id='word_1_523' title='bbox 1272 2830 1392 2856; x_wconf 86' lang='lat' dir='ltr'>parecchie</span> <span class='ocrx_word' id='word_1_524' title='bbox 1447 2830 1489 2851; x_wconf 90' lang='lat' dir='ltr'>reti</span> <span class='ocrx_word' id='word_1_525' title='bbox 1505 2829 1527 2851; x_wconf 90' lang='lat' dir='ltr'>di</span> <span class='ocrx_word' id='word_1_526' title='bbox 1543 2835 1609 2851; x_wconf 89' lang='lat' dir='ltr'>muro</span> <span class='ocrx_word' id='word_1_527' title='bbox 1623 2829 1749 2856; x_wconf 64' lang='lat' dir='ltr'>(pariata).</span> <span class='ocrx_word' id='word_1_528' title='bbox 1765 2829 1806 2851; x_wconf 78' lang='grc' dir='ltr'>Ρίὺ</span> <span class='ocrx_word' id='word_1_529' title='bbox 1821 2830 1962 2856; x_wconf 83' lang='lat' dir='ltr'>importante</span> <span class='ocrx_word' id='word_1_530' title='bbox 1973 2829 1985 2850; x_wconf 78' lang='lat' dir='ltr'>e</span> <span class='ocrx_word' id='word_1_531' title='bbox 1995 2829 2016 2850; x_wconf 90' lang='lat' dir='ltr'>la</span> <span class='ocrx_word' id='word_1_532' title='bbox 2027 2828 2185 2855; x_wconf 72' lang='lat' dir='ltr'>particolarita</span> <span class='ocrx_word' id='word_1_533' title='bbox 2199 2828 2259 2850; x_wconf 85' lang='lat' dir='ltr'>delle</span> <span class='ocrx_word' id='word_1_534' title='bbox 2272 2828 2323 2850; x_wconf 78' lang='lat' dir='ltr'>loro</span> 
     </span>
     <span class='ocr_line' id='line_1_42' title="bbox 511 2871 2323 2900; baseline 0.001 -8"><span class='ocrx_word' id='word_1_535' title='bbox 511 2876 564 2892; x_wconf 84' lang='lat' dir='ltr'>case</span> <span class='ocrx_word' id='word_1_536' title='bbox 585 2871 703 2897; x_wconf 82' lang='lat' dir='ltr'>(domos),</span> <span class='ocrx_word' id='word_1_537' title='bbox 727 2872 801 2893; x_wconf 88' lang='lat' dir='ltr'>alcuni</span> <span class='ocrx_word' id='word_1_538' title='bbox 826 2872 900 2894; x_wconf 86' lang='lat' dir='ltr'>editici</span> <span class='ocrx_word' id='word_1_539' title='bbox 925 2873 1004 2894; x_wconf 85' lang='lat' dir='ltr'>rustici</span> <span class='ocrx_word' id='word_1_540' title='bbox 1027 2873 1184 2899; x_wconf 77' lang='lat' dir='ltr'>(casamenta)</span> <span class='ocrx_word' id='word_1_541' title='bbox 1206 2873 1235 2895; x_wconf 86' lang='lat' dir='ltr'>ed</span> <span class='ocrx_word' id='word_1_542' title='bbox 1250 2879 1280 2895; x_wconf 91' lang='lat' dir='ltr'>un</span> <span class='ocrx_word' id='word_1_543' title='bbox 1294 2874 1388 2895; x_wconf 88' lang='lat' dir='ltr'>voltone</span> <span class='ocrx_word' id='word_1_544' title='bbox 1443 2879 1562 2900; x_wconf 83' lang='lat' dir='ltr'>coerenze;</span> <span class='ocrx_word' id='word_1_545' title='bbox 1577 2880 1591 2895; x_wconf 86' lang='lat' dir='ltr'>a</span> <span class='ocrx_word' id='word_1_546' title='bbox 1607 2874 1711 2895; x_wconf 83' lang='lat' dir='ltr'>mezzodl</span> <span class='ocrx_word' id='word_1_547' title='bbox 1726 2879 1778 2895; x_wconf 83' lang='lat' dir='ltr'>esse</span> <span class='ocrx_word' id='word_1_548' title='bbox 1793 2873 1812 2895; x_wconf 85' lang='lat' dir='ltr'>si</span> <span class='ocrx_word' id='word_1_549' title='bbox 1827 2873 2017 2900; x_wconf 83' lang='lat' dir='ltr'>congiungevano</span> <span class='ocrx_word' id='word_1_550' title='bbox 2031 2873 2090 2894; x_wconf 83' lang='lat' dir='ltr'>colla</span> <span class='ocrx_word' id='word_1_551' title='bbox 2104 2873 2214 2894; x_wconf 80' lang='lat' dir='ltr'>canonica</span> <span class='ocrx_word' id='word_1_552' title='bbox 2223 2876 2323 2894; x_wconf 63' lang='lat' dir='ltr'>annena</span> 
     </span>
     <span class='ocr_line' id='line_1_43' title="bbox 511 2915 2323 2944; baseline 0.001 -8"><span class='ocrx_word' id='word_1_553' title='bbox 511 2915 627 2941; x_wconf 82' lang='lat' dir='ltr'>(voltam),</span> <span class='ocrx_word' id='word_1_554' title='bbox 653 2916 716 2937; x_wconf 84' lang='lat' dir='ltr'>ossia</span> <span class='ocrx_word' id='word_1_555' title='bbox 732 2922 762 2937; x_wconf 92' lang='lat' dir='ltr'>un</span> <span class='ocrx_word' id='word_1_556' title='bbox 778 2917 868 2942; x_wconf 90' lang='lat' dir='ltr'>portico</span> <span class='ocrx_word' id='word_1_557' title='bbox 883 2922 895 2938; x_wconf 89' lang='lat' dir='ltr'>a</span> <span class='ocrx_word' id='word_1_558' title='bbox 917 2917 988 2944; x_wconf 87' lang='lat' dir='ltr'>volta,</span> <span class='ocrx_word' id='word_1_559' title='bbox 1013 2918 1054 2939; x_wconf 87' lang='lat' dir='ltr'>che</span> <span class='ocrx_word' id='word_1_560' title='bbox 1070 2918 1141 2940; x_wconf 78' lang='lat' dir='ltr'>univa</span> <span class='ocrx_word' id='word_1_561' title='bbox 1153 2918 1198 2940; x_wconf 88' lang='lat' dir='ltr'>due</span> <span class='ocrx_word' id='word_1_562' title='bbox 1213 2923 1267 2940; x_wconf 81' lang='lat' dir='ltr'>case</span> <span class='ocrx_word' id='word_1_563' title='bbox 1281 2919 1390 2944; x_wconf 83' lang='lat' dir='ltr'>separate</span> <span class='ocrx_word' id='word_1_564' title='bbox 1444 2919 1489 2940; x_wconf 84' lang='lat' dir='ltr'>alla</span> <span class='ocrx_word' id='word_1_565' title='bbox 1513 2919 1590 2940; x_wconf 87' lang='lat' dir='ltr'>chiesa</span> <span class='ocrx_word' id='word_1_566' title='bbox 1605 2918 1628 2940; x_wconf 89' lang='lat' dir='ltr'>di</span> <span class='ocrx_word' id='word_1_567' title='bbox 1643 2918 1666 2940; x_wconf 84' lang='lat' dir='ltr'>S.</span> <span class='ocrx_word' id='word_1_568' title='bbox 1689 2918 1809 2940; x_wconf 80' lang='lat' dir='ltr'>Mostiola.</span> <span class='ocrx_word' id='word_1_569' title='bbox 1825 2918 1832 2940; x_wconf 89' lang='grc'><strong>1</strong></span> <span class='ocrx_word' id='word_1_570' title='bbox 1848 2918 1989 2944; x_wconf 80' lang='lat' dir='ltr'>compratori</span> <span class='ocrx_word' id='word_1_571' title='bbox 2010 2923 2113 2939; x_wconf 83' lang='lat' dir='ltr'>avranno</span> <span class='ocrx_word' id='word_1_572' title='bbox 2133 2917 2281 2939; x_wconf 74' lang='lat' dir='ltr'>considerata</span> <span class='ocrx_word' id='word_1_573' title='bbox 2301 2916 2323 2939; x_wconf 73' lang='lat' dir='ltr'>la</span> 
     </span>
     <span class='ocr_line' id='line_1_44' title="bbox 513 2959 2324 2990; baseline 0.002 -10"><span class='ocrx_word' id='word_1_574' title='bbox 513 2959 572 2980; x_wconf 83' lang='lat' dir='ltr'>dalla</span> <span class='ocrx_word' id='word_1_575' title='bbox 588 2960 696 2985; x_wconf 88' lang='lat' dir='ltr'>pubblica</span> <span class='ocrx_word' id='word_1_576' title='bbox 711 2961 756 2981; x_wconf 89' lang='lat' dir='ltr'>via.</span> <span class='ocrx_word' id='word_1_577' title='bbox 773 2961 802 2982; x_wconf 91' lang='lat' dir='ltr'>Le</span> <span class='ocrx_word' id='word_1_578' title='bbox 818 2966 871 2982; x_wconf 87' lang='lat' dir='ltr'>case</span> <span class='ocrx_word' id='word_1_579' title='bbox 887 2966 957 2982; x_wconf 89' lang='lat' dir='ltr'>erano</span> <span class='ocrx_word' id='word_1_580' title='bbox 972 2961 1055 2984; x_wconf 82' lang='lat' dir='ltr'>tornite</span> <span class='ocrx_word' id='word_1_581' title='bbox 1071 2962 1093 2984; x_wconf 88' lang='lat' dir='ltr'>di</span> <span class='ocrx_word' id='word_1_582' title='bbox 1109 2964 1180 2989; x_wconf 87' lang='lat' dir='ltr'>tutto,</span> <span class='ocrx_word' id='word_1_583' title='bbox 1202 2962 1270 2989; x_wconf 82' lang='lat' dir='ltr'>pozzi</span> <span class='ocrx_word' id='word_1_584' title='bbox 1280 2979 1285 2989; x_wconf 93' lang='lat'>,</span> <span class='ocrx_word' id='word_1_585' title='bbox 1307 2962 1390 2989; x_wconf 88' lang='lat' dir='ltr'>cortili,</span> <span class='ocrx_word' id='word_1_586' title='bbox 1446 2962 1586 2990; x_wconf 77' lang='lat' dir='ltr'>probabilita</span> <span class='ocrx_word' id='word_1_587' title='bbox 1601 2964 1642 2984; x_wconf 87' lang='lat' dir='ltr'>che</span> <span class='ocrx_word' id='word_1_588' title='bbox 1657 2963 1729 2984; x_wconf 83' lang='lat' dir='ltr'>anche</span> <span class='ocrx_word' id='word_1_589' title='bbox 1743 2963 1765 2984; x_wconf 86' lang='lat' dir='ltr'>la</span> <span class='ocrx_word' id='word_1_590' title='bbox 1780 2962 1890 2984; x_wconf 80' lang='lat' dir='ltr'>canonica</span> <span class='ocrx_word' id='word_1_591' title='bbox 1904 2962 1997 2984; x_wconf 79' lang='lat' dir='ltr'>venisse</span> <span class='ocrx_word' id='word_1_592' title='bbox 2011 2967 2025 2984; x_wconf 87' lang='lat' dir='ltr'>a</span> <span class='ocrx_word' id='word_1_593' title='bbox 2039 2962 2097 2988; x_wconf 83' lang='lat' dir='ltr'>loro,</span> <span class='ocrx_word' id='word_1_594' title='bbox 2112 2961 2132 2983; x_wconf 82' lang='lat' dir='ltr'>sl</span> <span class='ocrx_word' id='word_1_595' title='bbox 2147 2961 2177 2983; x_wconf 79' lang='lat' dir='ltr'>da</span> <span class='ocrx_word' id='word_1_596' title='bbox 2191 2962 2260 2988; x_wconf 80' lang='lat' dir='ltr'>poter</span> <span class='ocrx_word' id='word_1_597' title='bbox 2277 2966 2324 2983; x_wconf 76' lang='lat' dir='ltr'>non</span> 
     </span>
    </p>
   </div>
   <div class='ocr_carea' id='block_1_5' title="bbox 513 3003 2324 3122">
    <p class='ocr_par' dir='ltr' id='par_1_5' title="bbox 513 3003 2324 3122">
     <span class='ocr_line' id='line_1_45' title="bbox 513 3003 2324 3034; baseline 0.002 -10"><span class='ocrx_word' id='word_1_598' title='bbox 513 3009 559 3025; x_wconf 91' lang='lat' dir='ltr'>ecc.</span> <span class='ocrx_word' id='word_1_599' title='bbox 576 3003 604 3025; x_wconf 88' lang='lat' dir='ltr'>ed</span> <span class='ocrx_word' id='word_1_600' title='bbox 626 3010 696 3025; x_wconf 88' lang='lat' dir='ltr'>erano</span> <span class='ocrx_word' id='word_1_601' title='bbox 711 3005 733 3025; x_wconf 92' lang='lat' dir='ltr'>in</span> <span class='ocrx_word' id='word_1_602' title='bbox 749 3011 814 3026; x_wconf 88' lang='lat' dir='ltr'>muro</span> <span class='ocrx_word' id='word_1_603' title='bbox 829 3006 894 3026; x_wconf 87' lang='lat' dir='ltr'>cotto</span> <span class='ocrx_word' id='word_1_604' title='bbox 913 3004 1029 3031; x_wconf 79' lang='lat' dir='ltr'>(murata)</span> <span class='ocrx_word' id='word_1_605' title='bbox 1044 3012 1089 3028; x_wconf 89' lang='lat' dir='ltr'>non</span> <span class='ocrx_word' id='word_1_606' title='bbox 1111 3007 1132 3028; x_wconf 89' lang='lat' dir='ltr'>di</span> <span class='ocrx_word' id='word_1_607' title='bbox 1157 3009 1226 3034; x_wconf 82' lang='lat' dir='ltr'>terra,</span> <span class='ocrx_word' id='word_1_608' title='bbox 1248 3008 1344 3034; x_wconf 79' lang='lat' dir='ltr'>coperte</span> <span class='ocrx_word' id='word_1_609' title='bbox 1367 3007 1390 3028; x_wconf 92' lang='lat' dir='ltr'>di</span> <span class='ocrx_word' id='word_1_610' title='bbox 1445 3008 1496 3029; x_wconf 82' lang='lat' dir='ltr'>solo</span> <span class='ocrx_word' id='word_1_611' title='bbox 1510 3008 1623 3034; x_wconf 86' lang='lat' dir='ltr'>allargare</span> <span class='ocrx_word' id='word_1_612' title='bbox 1637 3007 1652 3028; x_wconf 87' lang='lat' dir='ltr'>il</span> <span class='ocrx_word' id='word_1_613' title='bbox 1667 3007 1784 3033; x_wconf 83' lang='lat' dir='ltr'>primitivo</span> <span class='ocrx_word' id='word_1_614' title='bbox 1799 3007 1936 3034; x_wconf 66' lang='lat' dir='ltr'>imbricato,</span> <span class='ocrx_word' id='word_1_615' title='bbox 1952 3012 1989 3028; x_wconf 80' lang='lat' dir='ltr'>ma</span> <span class='ocrx_word' id='word_1_616' title='bbox 2003 3012 2059 3028; x_wconf 81' lang='lat' dir='ltr'>aver</span> <span class='ocrx_word' id='word_1_617' title='bbox 2072 3007 2144 3028; x_wconf 85' lang='lat' dir='ltr'>anche</span> <span class='ocrx_word' id='word_1_618' title='bbox 2159 3011 2205 3028; x_wconf 76' lang='lat' dir='ltr'>una</span> <span class='ocrx_word' id='word_1_619' title='bbox 2215 3005 2324 3033; x_wconf 76' lang='lat' dir='ltr'>pubbliea</span> 
     </span>
     <span class='ocr_line' id='line_1_46' title="bbox 513 3043 2050 3076; baseline 0.003 -7"><span class='ocrx_word' id='word_1_620' title='bbox 513 3047 589 3074; x_wconf 84' lang='lat' dir='ltr'>tegole</span> <span class='ocrx_word' id='word_1_621' title='bbox 604 3047 711 3074; x_wconf 78' lang='lat' dir='ltr'>(cupam)</span> <span class='ocrx_word' id='word_1_622' title='bbox 726 3054 738 3070; x_wconf 93' lang='lat' dir='ltr'>e</span> <span class='ocrx_word' id='word_1_623' title='bbox 753 3054 798 3070; x_wconf 94' lang='lat' dir='ltr'>non</span> <span class='ocrx_word' id='word_1_624' title='bbox 813 3049 835 3070; x_wconf 91' lang='lat' dir='ltr'>di</span> <span class='ocrx_word' id='word_1_625' title='bbox 851 3049 936 3076; x_wconf 83' lang='lat' dir='ltr'>paglia,</span> <span class='ocrx_word' id='word_1_626' title='bbox 952 3055 995 3071; x_wconf 94' lang='lat' dir='ltr'>con</span> <span class='ocrx_word' id='word_1_627' title='bbox 1011 3050 1136 3076; x_wconf 78' lang='lat' dir='ltr'>pavimenti</span> <span class='ocrx_word' id='word_1_628' title='bbox 1152 3051 1174 3072; x_wconf 90' lang='lat' dir='ltr'>in</span> <span class='ocrx_word' id='word_1_629' title='bbox 1189 3051 1294 3073; x_wconf 87' lang='lat' dir='ltr'>laterizio</span> <span class='ocrx_word' id='word_1_630' title='bbox 1315 3051 1390 3076; x_wconf 79' lang='lat' dir='ltr'>(tuva-</span> <span class='ocrx_word' id='word_1_631' title='bbox 1444 3052 1522 3074; x_wconf 86' lang='lat' dir='ltr'>chiesa</span> <span class='ocrx_word' id='word_1_632' title='bbox 1537 3051 1566 3073; x_wconf 82' lang='lat' dir='ltr'>da</span> <span class='ocrx_word' id='word_1_633' title='bbox 1581 3051 1692 3073; x_wconf 77' lang='lat' dir='ltr'>officiare.</span> <span class='ocrx_word' id='word_1_634' title='bbox 2047 3043 2050 3045; x_wconf 67' lang='lat'>‚</span> 
     </span>
     <span class='ocr_line' id='line_1_47' title="bbox 513 3092 1395 3122; baseline 0.006 -9"><span class='ocrx_word' id='word_1_635' title='bbox 513 3092 583 3118; x_wconf 81' lang='lat' dir='ltr'>data)</span> <span class='ocrx_word' id='word_1_636' title='bbox 598 3098 609 3114; x_wconf 90' lang='lat' dir='ltr'>e</span> <span class='ocrx_word' id='word_1_637' title='bbox 624 3093 682 3114; x_wconf 88' lang='lat' dir='ltr'>colle</span> <span class='ocrx_word' id='word_1_638' title='bbox 697 3098 787 3114; x_wconf 85' lang='lat' dir='ltr'>camere</span> <span class='ocrx_word' id='word_1_639' title='bbox 802 3093 876 3115; x_wconf 85' lang='lat' dir='ltr'>divise</span> <span class='ocrx_word' id='word_1_640' title='bbox 891 3099 903 3115; x_wconf 92' lang='lat' dir='ltr'>e</span> <span class='ocrx_word' id='word_1_641' title='bbox 914 3093 1078 3117; x_wconf 81' lang='lat' dir='ltr'>trammezzate</span> <span class='ocrx_word' id='word_1_642' title='bbox 1089 3101 1134 3116; x_wconf 91' lang='lat' dir='ltr'>non</span> <span class='ocrx_word' id='word_1_643' title='bbox 1144 3095 1174 3117; x_wconf 68' lang='lat' dir='ltr'>da</span> <span class='ocrx_word' id='word_1_644' title='bbox 1184 3096 1258 3122; x_wconf 85' lang='lat' dir='ltr'>assiti,</span> <span class='ocrx_word' id='word_1_645' title='bbox 1270 3102 1307 3118; x_wconf 83' lang='lat' dir='ltr'>ma</span> <span class='ocrx_word' id='word_1_646' title='bbox 1318 3095 1347 3118; x_wconf 80' lang='lat' dir='ltr'>da</span> <span class='ocrx_word' id='word_1_647' title='bbox 1355 3101 1395 3122; x_wconf 81' lang='lat' dir='ltr'>pa-</span> 
     </span>
    </p>
   </div>
   <div class='ocr_carea' id='block_1_6' title="bbox 2315 0 2496 3600">
    <p class='ocr_par' dir='ltr' id='par_1_6' title="bbox 2315 0 2496 3600">
     <span class='ocr_line' id='line_1_48' title="bbox 2315 0 2496 3600; baseline 0 0"><span class='ocrx_word' id='word_1_648' title='bbox 2315 0 2496 3600; x_wconf 95' lang='lat' dir='ltr'> </span> 
     </span>
    </p>
   </div>
  </div>
 </body>
</html>
