2496 3600
478 249 523 282 24

477 391 515 415 se
540 382 684 416 voluerit
708 382 918 416 conformare
943 382 1056 415 officio
1081 381 1231 414 Fratrum
1257 382 1289 413 et
1313 380 1449 414 solitum
1486 381 1625 419 mutare,
1653 379 1828 413 dimissis?
1863 379 1958 413 libris
1993 380 2120 414 domini
2156 379 2301 416 Abbatis

477 446 510 477 et
535 442 784 478 Canonicorum
809 445 867 487 qui
893 453 981 477 nunc
1007 446 1096 483 sunt,
1121 443 1178 484 qui
1205 444 1350 484 possunt
1373 442 1546 476 deservire
1571 450 1633 483 pro
1657 441 1771 475 officio
1795 439 1897 475 Curie
1922 441 2082 483 Romane,
2110 442 2303 486 obligentur

478 506 543 549 ipsi
570 507 702 540 Fratres
727 506 895 540 Heremite
920 508 1053 548 portare
1079 505 1131 538 vel
1157 514 1267 538 emere
1303 504 1390 537 alios
1430 504 1535 538 libros
1571 504 1786 538 necessarios
1809 504 1852 538 ad
1877 504 2026 538 officium
2061 505 2300 539 celebrandum

477 578 539 611 pro
564 570 732 602 communi
759 578 822 602 usu
848 578 963 602 eorum
989 571 1021 601 et
1046 568 1125 600 dicti
1152 567 1279 600 domini
1304 565 1450 600 Abbatis
1474 568 1507 600 et
1531 564 1780 601 Canonicorum
1805 566 1879 600 sine
1904 576 2006 600 onere
2030 566 2145 609 aliquo
2173 577 2303 610 expen-

478 639 591 664 sarum
617 631 696 664 dicti
722 631 849 663 domini
875 630 1020 663 Abbatis
1045 632 1077 662 et
1102 628 1307 662 monasterii.

568 693 646 726 ltem
672 694 699 726 si
726 702 890 734 campane
915 692 1148 734 frangerentur
1171 701 1233 733 pro
1258 691 1399 733 speciali
1424 693 1501 724 actu
1527 690 1678 725 Fratrum
1719 691 1973 732 Heremitarum,
2002 692 2133 726 scilicet
2148 693 2303 735 disputa-

478 755 639 794 tionibus,
676 755 889 793 lectionibus‚
915 754 1141 793 sermonibus,
1177 753 1319 795 predicti
1345 752 1478 786 Fratres
1502 753 1545 786 ad
1570 762 1686 786 eorum
1710 762 1884 796 expensas
1919 756 2047 788 tantum
2082 754 2208 788 faciant
2241 763 2302 789 eas

479 826 644 858 reparare.
670 815 704 850 Si
730 819 841 849 autem
878 816 1110 858 frangerentur
1145 825 1207 857 pro
1231 815 1365 848 actibus
1389 815 1466 848 aliis
1501 815 1754 855 communibus,
1779 815 1832 849 vel
1865 815 1932 849 alio
1959 817 2072 856 modo,
2108 819 2305 859 reparentur

478 880 699 912 communiter
716 888 776 920 per
812 879 999 920 predictum
1036 879 1210 911 dominum
1246 877 1413 911 Abbatem
1439 879 1472 911 et
1496 875 1692 911 Canonicos
1719 887 1780 920 per
1804 878 2028 918 medietatem,
2053 881 2085 912 et
2109 888 2170 922 per
2203 879 2304 914 aliam

481 942 693 974 medietatem
719 950 779 983 per
804 941 936 974 Fratres
962 940 1150 974 Heremitas
1175 940 1358 983 predictos.

570 1003 647 1036 ltem
673 1004 765 1045 quod
792 1012 852 1045 per
875 1004 1048 1045 predictos
1081 1002 1213 1036 Fratres
1239 1003 1386 1045 propriis
1410 1003 1585 1036 laboribus
1609 1005 1643 1036 et
1666 1003 1830 1045 expensis
1855 1003 1907 1037 sui
1933 1002 2072 1038 Ordinis
2107 1007 2306 1047 procuretur

479 1066 698 1099 effectualiter
722 1068 754 1099 et
778 1066 909 1099 solicite
935 1066 1027 1108 quod
1056 1066 1208 1107 predicta
1244 1066 1357 1098 omnia
1381 1068 1413 1098 et
1437 1065 1571 1108 singula
1599 1065 1642 1098 de
1679 1066 1784 1099 verbo
1819 1066 1863 1099 ad
1900 1067 2052 1106 verbum,
2087 1075 2148 1109 per
2182 1066 2306 1102 Roma-

479 1138 556 1161 num
583 1128 780 1161 Pontificem
806 1138 849 1162 ex
875 1131 966 1161 certa
991 1129 1132 1161 scientia
1169 1129 1357 1161 confirmari
1398 1129 1545 1162 debeant
1569 1130 1601 1161 et
1626 1128 1658 1160 in
1683 1131 1883 1170 perpetuum
1924 1129 2084 1170 roborari,
2109 1132 2142 1163 et
2166 1129 2306 1164 ulterius

478 1191 629 1232 predicta
654 1191 894 1224 confirmentur
917 1200 978 1232 per
1003 1191 1225 1224 iuramentum
1251 1190 1378 1223 Prioris
1410 1189 1589 1224 Generalis
1613 1190 1670 1232 qui
1697 1199 1786 1223 nunc
1811 1192 1863 1224 est
1887 1193 1920 1224 et
1943 1191 2162 1225 diffinitorum
2201 1190 2307 1235 Capi-

477 1253 536 1286 tuli
562 1251 740 1286 Generalis
766 1254 798 1286 in
824 1254 981 1295 proximo
1006 1254 1148 1293 venturi,
1174 1255 1206 1286 et
1231 1253 1371 1286 ulterius
1396 1253 1561 1286 diffinierit
1586 1252 1682 1286 Prior
1705 1251 1884 1286 Generalis
1908 1255 1941 1287 et
1965 1253 2165 1288 diffinitores
2200 1253 2304 1298 Capi-

479 1315 537 1348 tuli
563 1314 741 1349 Generalis
767 1316 799 1348 in
825 1316 1049 1358 sequentibus
1074 1314 1243 1358 Capitulis
1268 1314 1495 1349 Generalibus
1519 1315 1632 1348 omnia
1656 1315 1808 1358 predicta
1833 1317 2033 1358 perpetuum
2058 1316 2183 1350 habere
2204 1317 2308 1351 robur

480 1380 512 1411 et
536 1378 792 1418 firmamentum,
817 1380 849 1411 et
874 1388 949 1411 cum
976 1378 1156 1411 diffinitum
1181 1378 1280 1411 fuerit
1304 1387 1365 1420 per
1388 1379 1450 1411 tria
1474 1376 1632 1420 Capitula
1664 1376 1855 1418 Generalia,
1892 1379 2198 1420 incorporabuntur
2231 1388 2309 1422 pre-

478 1441 568 1473 dicta
593 1439 903 1474 Constitutionibus
928 1439 1080 1480 Ordinis;
1105 1450 1172 1482 que
1197 1441 1411 1480 constitucio,
1437 1449 1503 1473 non
1529 1440 1746 1473 obstantibus
1770 1440 1944 1482 predictis,
1969 1441 2002 1473 in
2026 1441 2117 1474 omni
2146 1439 2306 1476 Generali

481 1501 641 1544 Capitulo
666 1503 928 1542 confirmabitur,
953 1505 986 1536 et
1011 1503 1096 1536 ultra
1121 1503 1185 1536 hoc
1210 1503 1352 1544 quilibet
1377 1502 1472 1535 Prior
1496 1501 1674 1536 Generalis
1698 1503 1756 1544 qui
1774 1512 1836 1544 pro
1852 1504 2003 1545 tempore
2020 1502 2130 1543 fuerit,
2147 1503 2180 1536 in
2198 1503 2310 1546 primo

482 1563 642 1606 Capitulo
668 1565 700 1597 in
726 1574 794 1606 quo
819 1565 918 1598 fuerit
942 1565 1082 1605 electus,
1108 1565 1230 1598 iurabit
1255 1565 1328 1607 ipse
1353 1567 1385 1597 et
1410 1573 1528 1598 omnes
1553 1564 1754 1598 diffinitores
1778 1565 1891 1598 omnia
1916 1565 2068 1607 predicta
2100 1573 2237 1599 servare
2271 1566 2306 1599 et

482 1628 609 1659 servari
634 1627 756 1667 facere,
782 1628 824 1660 de
850 1628 975 1669 quibus
1001 1628 1196 1660 iuramentis
1221 1636 1281 1669 per
1306 1627 1438 1660 Fratres
1463 1627 1652 1660 Heremitas
1676 1627 1757 1660 dicti
1782 1626 1922 1660 Ordinis
1946 1627 2039 1660 dicto
2062 1627 2202 1662 domino
2236 1626 2308 1662 Ab·
2342 1660 2346 1663 .

482 1689 550 1722 bati
588 1689 761 1731 publicum
799 1690 1032 1722 istrumentum
1058 1690 1220 1731 scriptum
1246 1699 1347 1722 manu
1371 1689 1499 1731 publici
1524 1689 1718 1722 tabellionis
1742 1691 1774 1722 et
1799 1690 2030 1731 subscriptum
2047 1690 2147 1723 etiam
2160 1689 2307 1724 testibus

481 1752 664 1793 fidedignis
689 1761 728 1784 ac
754 1752 860 1785 eciam
886 1751 1069 1794 sigillatum
1095 1754 1127 1785 et
1151 1752 1345 1785 roboratum
1381 1751 1494 1794 sigillo
1518 1752 1599 1784 dicti
1636 1750 1775 1785 Ordinis
1799 1754 1832 1785 et
1856 1751 1983 1785 Prioris
2019 1749 2198 1786 Generalis
2232 1761 2311 1795 pre-

483 1816 633 1846 sentetur
657 1816 689 1847 et
713 1814 821 1854 detur,
846 1817 879 1847 et
903 1814 1043 1847 ulterius
1075 1814 1228 1847 similiter
1260 1815 1417 1847 iurabunt
1453 1813 1607 1847 Vicarius
1643 1812 1822 1848 Generalis
1847 1823 1914 1847 una
1937 1823 2014 1847 cum
2039 1813 2243 1849 Provinciali
2278 1816 2312 1849 et

482 1876 723 1910 diffinitoribus
748 1877 930 1910 cuiuslibet
962 1875 1110 1919 Capituli
1147 1876 1372 1910 Provincialis
1397 1876 1575 1910 Provincie
1601 1877 1813 1917 Lombardie‚
1838 1877 1880 1910 de
1917 1886 1986 1919 quo
2018 1877 2205 1910 iuramento
2240 1876 2315 1911 suf-

485 1939 575 1972 ficiet
600 1939 694 1972 litera
719 1940 884 1972 dictorum
911 1939 1034 1972 Vicarii
1060 1939 1285 1972 Provincialis
1309 1941 1341 1972 et
1365 1939 1594 1972 diffinitorum.

576 2001 616 2033 Et
648 2010 747 2034 versa
772 2002 846 2034 vice
883 2011 945 2043 pro
970 2002 1133 2043 predictis
1157 2002 1454 2041 conventionibus,
1471 2002 1592 2044 pactis,
1618 2002 1905 2044 promissionibus
1928 2003 1961 2035 et
1985 2002 2252 2050 obligationibus
2275 2003 2311 2037 et

486 2063 562 2096 aliis
587 2065 746 2105 superius
771 2064 964 2106 specialiter
988 2067 1020 2097 et
1045 2065 1245 2107 generaliter
1268 2065 1495 2097 denominatis
1519 2066 1552 2098 et
1575 2064 1675 2097 factis
1699 2066 1732 2097 et
1755 2065 1878 2098 fiendis
1895 2073 1956 2106 per
1980 2065 2153 2106 predictos
2177 2064 2311 2099 Fratres

486 2126 576 2159 dicti.
593 2125 733 2159 Ordinis
759 2127 1002 2160 Heremitarum
1028 2129 1060 2160 et
1084 2128 1126 2160 ad
1152 2136 1271 2169 pacem
1296 2129 1494 2169 perpetuam
1520 2127 1605 2160 inter
1640 2127 1735 2169 ipsas
1770 2129 1885 2169 partes
1920 2127 2201 2167 conservandam,
2236 2127 2313 2170 ipse

486 2188 645 2221 dominus
670 2188 799 2228 Abbas,
825 2189 867 2221 de
893 2198 1064 2222 consensu
1089 2191 1121 2222 et
1146 2189 1319 2222 voluntate
1355 2188 1605 2223 Canonicorum
1642 2198 1780 2222 suorum
1817 2189 1897 2222 dicti
1934 2190 2140 2230 monasterii,
2175 2191 2209 2224 et
2243 2190 2310 2234 ipsi

487 2250 620 2283 Fratres
645 2251 719 2283 eius
744 2260 820 2284 cum
846 2251 922 2293 ipso
947 2251 1085 2284 domino
1111 2251 1254 2291 Abbate,
1280 2252 1483 2284 convenient
1507 2253 1540 2284 et
1564 2252 1758 2293 promittent
1782 2251 1884 2284 dictis
1919 2251 2093 2285 Fratribus
2128 2251 2316 2286 Heremita-

488 2321 560 2344 rum
586 2313 872 2354 respondentibus
897 2316 929 2346 et
954 2314 1196 2355 stipulantibus
1221 2314 1355 2347 nomine
1381 2314 1461 2347 dicti
1486 2312 1636 2354 Ordinis,
1654 2314 1747 2356 quod
1765 2313 1858 2346 nullo
1874 2316 2026 2355 tempore
2044 2314 2086 2347 de
2104 2316 2228 2354 cetero,
2251 2323 2315 2357 per

489 2383 525 2407 se
552 2375 604 2407 vel
631 2375 823 2408 submissas
849 2384 1030 2417 personas,
1068 2377 1201 2408 nomine
1227 2385 1291 2409 suo
1316 2376 1369 2409 vel
1395 2376 1475 2409 dicti
1501 2376 1695 2409 monasterii
1721 2374 1835 2409 Sancti
1861 2375 1961 2416 Petri,
1997 2376 2124 2409 directe
2148 2376 2203 2410 vel
2227 2377 2316 2411 indi-

490 2438 590 2476 recte,
615 2437 715 2470 tacite
741 2437 793 2470 vel
820 2446 996 2479 expresse,
1021 2439 1265 2479 quoquomodo
1290 2447 1351 2471 seu
1377 2438 1501 2480 quovis
1533 2439 1707 2480 exquisito
1743 2438 1867 2478 colore,
1903 2439 2051 2481 graciam
2075 2438 2223 2481 aliquam
2259 2438 2314 2473 vel

490 2499 703 2541 privilegium
729 2500 867 2541 aliquod
894 2500 1121 2541 impetrabunt
1146 2501 1177 2532 in
1204 2501 1351 2542 generali
1377 2500 1430 2533 vel
1457 2501 1489 2533 in
1515 2500 1666 2542 speciali,
1692 2509 1754 2534 nec
1779 2501 1879 2534 etiam
1897 2503 2031 2534 utentur
2044 2501 2086 2534 de
2104 2503 2217 2534 cetero
2233 2510 2317 2535 con·

491 2562 655 2595 cedendis
680 2571 699 2595 a
724 2572 896 2604 quoquam
922 2563 954 2595 in
981 2562 1131 2597 Romana
1156 2561 1259 2596 Curia
1283 2563 1336 2596 vel
1362 2564 1453 2603 alibi,
1479 2572 1522 2596 ex
1548 2573 1616 2605 quo
1641 2564 1695 2596 vel
1721 2564 1847 2605 quibus
1871 2564 1982 2605 possit
2006 2563 2075 2596 ullo
2104 2566 2256 2606 tempore
2281 2564 2315 2598 in

491 2623 606 2665 aliquo
631 2625 801 2667 derrogari
828 2625 1051 2665 libertatibus,
1076 2625 1274 2668 privilegiis,
1300 2626 1533 2668 dignitatibus,
1559 2626 1671 2666 statui,
1708 2626 1895 2659 honoribus
1919 2628 1952 2659 et
1977 2626 2107 2659 iuribus
2142 2627 2315 2669 aliquibus

492 2685 658 2718 dictorum
684 2687 834 2720 Fratrum
861 2687 1115 2720 Heremitarum.

583 2748 661 2781 ltem
687 2750 778 2790 quod
805 2750 964 2782 dominus
989 2749 1107 2782 Abbas
1132 2752 1164 2782 et
1189 2748 1353 2783 Canonici
1379 2751 1431 2783 sui
1457 2751 1537 2783 dicti
1555 2751 1750 2784 monasterii
1767 2749 1881 2784 Sancti
1900 2750 1988 2784 Petri
2014 2751 2315 2784 communicabunt

494 2820 569 2843 cum
595 2811 695 2843 dictis
721 2811 894 2844 Fratribus
920 2812 1162 2845 Heremitarum
1188 2821 1286 2845 omne
1312 2815 1343 2845 et
1368 2815 1473 2845 totum
1499 2813 1532 2845 id
1558 2813 1650 2854 quod
1683 2813 1812 2846 eisdem
1848 2813 1986 2846 domino
2022 2812 2146 2846 Abbati
2181 2815 2215 2846 et
2249 2811 2318 2847 Ca-

495 2874 626 2906 nonicis
651 2874 827 2906 obvenerit
852 2884 913 2916 pro
939 2875 1087 2916 antiquis
1112 2875 1297 2917 sepulturis
1322 2876 1431 2917 ipsius
1467 2876 1661 2909 monasterii
1686 2877 1719 2909 et
1743 2876 1902 2909 omnibus
1938 2876 2172 2909 defunctorum
2197 2885 2315 2918 parro-

495 2936 692 2967 chianorum
718 2936 797 2968 dicti
824 2938 1017 2970 monasterii
1043 2938 1100 2979 qui
1126 2938 1333 2979 sepelientur
1356 2938 1448 2979 apud
1474 2938 1715 2971 monasterium
1739 2938 1956 2971 antedictum.

564 2997 642 3029 ltem
669 2998 696 3029 si
723 2998 931 3040 contingeret
956 2998 1088 3032 Fratres
1114 2999 1303 3032 Heremitas
1327 3000 1401 3032 eiici
1428 2999 1470 3032 de
1496 2999 1571 3032 loco
1596 3000 1770 3040 violenter,
1795 3009 1856 3033 seu
1881 3009 1942 3042 per
1965 3001 2019 3033 ius
2035 3000 2174 3042 aliquod
2191 3001 2224 3033 in
2241 3009 2320 3042 per-

498 3061 635 3101 petuum
661 3061 693 3092 et
725 3069 927 3092 concessum
953 3070 972 3093 a
998 3070 1170 3103 quoquam
1196 3062 1228 3094 in
1255 3061 1404 3096 Romana
1441 3060 1543 3095 Curia
1569 3062 1621 3094 vel
1647 3062 1738 3102 alibi,
1763 3064 1796 3095 et
1820 3063 1884 3095 hoc
1920 3063 2014 3096 fieret
2049 3071 2110 3104 per
2144 3062 2317 3095 dominum

499 3120 666 3154 Abbatem
691 3122 748 3162 qui
774 3130 862 3154 nunc
888 3124 939 3154 est
965 3122 1017 3155 vel
1044 3132 1105 3164 pro
1129 3125 1281 3165 tempore
1305 3124 1415 3163 fuerit,
1440 3132 1501 3157 seu
1526 3133 1587 3165 per
1611 3122 1806 3157 Canonicos
1829 3133 1913 3157 suos
1937 3124 1995 3166 qui
2024 3133 2112 3158 nunc
2149 3126 2228 3157 sunt
2263 3124 2318 3158 vel
