2496 3600
1954 265 2017 295 217

201 390 256 423 siti
283 390 316 422 in
341 391 438 431 porta
471 389 640 423 Laudensi
667 391 699 422 in
724 391 885 432 parochia
910 392 1019 424 sancti
1045 391 1121 424 Viti.
1148 391 1368 426 Reverendus
1394 394 1489 434 pater
1514 393 1673 425 dominus
1709 394 1809 426 frater
1842 394 2017 428 Dionisius

201 453 244 484 de
269 450 470 485 Cermenate
505 451 567 484 Dei
604 454 711 494 gratia
747 453 856 486 abbas
892 455 1085 487 monasterii
1123 455 1231 487 sancti
1268 454 1357 487 Petri
1383 456 1416 487 in
1442 450 1515 488 celo
1551 465 1653 488 aureo
1678 457 1863 497 papiensis,
1889 467 2018 490 necnon

200 514 304 547 frater
327 514 394 546 Leo
418 514 460 546 de
485 512 607 547 Carate
644 515 798 548 sindicus
822 517 855 548 et
879 518 1086 557 procurator,
1112 517 1296 549 sindicario
1321 519 1353 549 et
1385 518 1618 558 procuratorio
1655 519 1800 557 nomine,
1827 521 2018 551 monasterii

201 576 343 618 predicti
368 578 401 608 et
425 574 687 615 Canonicorum,
723 577 873 618 capitulli
910 580 942 610 et
978 581 1167 611 conventus
1192 578 1357 618 eiusdem,
1382 581 1482 620 prout
1506 579 1548 611 de
1573 579 1646 611 eius
1671 580 1840 612 sindicatu
1866 584 2019 613 constare

200 637 338 670 dicebat
362 637 501 678 publico
527 638 748 671 instrumento
773 641 891 679 rogato
916 648 1005 671 anno
1030 642 1062 672 et
1088 640 1270 672 indictione
1308 641 1534 681 presentibus,
1567 641 1621 673 die
1647 641 1679 673 in
1705 650 1744 673 eo
1770 644 1936 680 contento,
1962 652 2021 683 per

201 699 391 741 Baptistam
415 699 457 731 de
483 698 613 741 Coghis
638 701 803 732 notarium
830 702 1039 742 papiensem,
1054 703 1126 734 suis
1145 702 1340 735 nominibus
1364 705 1396 735 et
1421 703 1556 735 nomine
1581 705 1612 735 et
1638 704 1712 736 vice
1733 705 1926 736 monasterii
1946 714 2021 746 pre-

200 762 281 794 dicti
307 763 340 794 et
364 762 467 794 totius
492 762 643 803 capitulli
670 763 833 802 eiusdem,
869 763 1003 796 fuerunt
1040 764 1189 796 confessi
1215 766 1247 796 et
1272 766 1417 797 contenti
1443 774 1482 797 ac
1507 766 1707 798 confitentes
1732 768 1762 798 et
1787 769 2021 800 contentantes

202 833 324 857 versus
349 821 571 856 reVerendum
597 827 726 865 patrem
753 826 973 858 reverendum
998 826 1132 858 fratrem
1158 825 1397 859 Dominichum
1423 828 1465 860 de
1491 827 1637 860 Forlivio
1674 837 1768 861 sacre
1794 830 1918 870 pagine
1944 839 2021 871 pro-

199 886 366 919 fessorem
391 887 536 927 priorem
561 886 710 926 fratrum,
735 888 885 928 capitulli
911 890 943 920 et
968 891 1157 921 conventus
1182 889 1311 921 ordinis
1337 890 1571 922 heremitarum
1597 891 1704 923 sancti
1731 890 1911 932 Augustini
1938 892 2022 924 civi-

201 950 280 982 tatis
305 948 410 990 Papie
435 950 468 981 et
491 949 583 990 apud
609 949 732 982 dictam
758 950 936 983 ecclesiam
963 951 1070 983 sancti
1097 950 1184 984 Petri
1210 951 1415 993 degentium,
1441 962 1573 985 necnon
1609 953 1741 986 fratrem
1768 953 1953 986 Luchinum
1978 955 2020 987 de

201 1010 395 1045 Comitibus
420 1012 589 1044 sindicum
615 1013 647 1044 et
672 1014 924 1053 procuratorem
951 1014 1101 1054 ipsorum
1127 1014 1339 1046 dominorum
1365 1015 1498 1056 prioris,
1524 1015 1673 1055 fratrum,
1710 1016 1859 1057 capitulli
1885 1019 1917 1049 et
1942 1026 2022 1049 con-

201 1075 334 1113 ventus,
359 1074 405 1106 ibi
430 1076 607 1115 presentes
633 1075 665 1106 et
690 1074 776 1107 hanc
813 1075 1062 1108 confessionem
1089 1076 1291 1117 stipulantes
1317 1078 1348 1109 et
1379 1077 1582 1118 recipientes
1619 1087 1733 1110 eorum
1770 1079 1965 1111 nominibus
1990 1082 2022 1111 et

202 1137 337 1169 nomine
363 1138 396 1169 et
420 1137 495 1168 vice
519 1138 551 1168 et
575 1136 618 1168 ad
645 1138 772 1177 partem
798 1139 830 1169 et
856 1137 1031 1170 utilitatem
1057 1138 1205 1177 fratrum,
1231 1139 1381 1180 capitulli
1407 1141 1439 1171 et
1464 1142 1652 1172 conventus
1678 1141 1741 1172 iam
1768 1141 1944 1179 dictorum,
1963 1141 2022 1173 ha-

202 1199 321 1231 buisse
346 1200 379 1231 et
403 1199 575 1240 recepisse
600 1199 643 1231 ab
669 1199 718 1231 eis
743 1200 815 1231 suis
841 1202 873 1231 et
898 1200 998 1232 dictis
1036 1201 1230 1233 nominibus
1267 1201 1385 1233 soldos
1421 1202 1537 1234 decem
1564 1204 1596 1234 et
1620 1204 1697 1235 octo
1734 1203 1929 1244 papienses,
1955 1204 2020 1236 sibi

202 1261 303 1294 datos
329 1263 361 1294 et
384 1261 561 1293 actualiter
585 1263 778 1294 numeratos
805 1262 836 1294 in
863 1263 1039 1303 presencia
1075 1264 1211 1295 testium
1237 1266 1268 1296 et
1294 1265 1357 1296 mei
1384 1265 1503 1296 notarii
1530 1264 1830 1306 infrascriptorum,
1856 1275 1917 1307 pro
1942 1267 2021 1298 ficto

201 1324 280 1359 anni
306 1324 407 1356 unius
430 1324 514 1356 finiti
539 1326 570 1356 et
595 1324 753 1365 completi
780 1325 811 1356 in
837 1324 924 1357 festo
949 1326 1055 1358 sancti
1082 1325 1218 1358 Martini
1245 1327 1398 1367 proxime
1423 1327 1591 1368 preterito,
1606 1328 1805 1368 perticarum
1831 1337 1892 1360 sex
1918 1331 1949 1361 et
1973 1330 2023 1361 ta—

202 1386 356 1419 bularum
381 1386 497 1419 decem
523 1387 712 1426 sediminis,
731 1387 869 1419 sitarum
896 1388 927 1419 in
947 1388 1103 1420 citadella
1125 1388 1271 1421 civitatis
1297 1387 1402 1430 Papie
1428 1390 1459 1421 in
1485 1391 1581 1430 porta
1607 1389 1775 1422 Laudensi
1802 1391 1834 1422 in
1861 1391 2020 1431 parochia

202 1449 310 1481 sancti
337 1448 414 1488 Viti,
439 1457 526 1490 quas
551 1449 595 1481 ab
620 1450 697 1490 ipso
734 1450 939 1482 monasterio
976 1451 1118 1491 predicti
1155 1450 1282 1483 domini
1308 1452 1399 1492 prior
1423 1453 1454 1484 et
1479 1451 1599 1484 fratres
1625 1454 1738 1484 tenent
1763 1453 1806 1484 ad
1842 1453 1955 1485 fictum
1981 1463 2020 1486 ac

202 1513 399 1552 computum
424 1511 591 1543 dictorum
624 1511 798 1544 soldorum
824 1512 939 1544 decem
965 1516 997 1544 et
1022 1515 1098 1545 octo
1123 1514 1338 1554 papiensium
1365 1514 1396 1545 in
1422 1523 1522 1552 anno,
1548 1516 1646 1555 prout
1672 1514 1796 1546 ibidem
1823 1515 1887 1556 ipsi
1913 1516 2020 1547 domi-

202 1582 267 1606 nus
293 1574 384 1615 prior
407 1575 440 1606 et
464 1573 566 1606 frater
590 1573 763 1606 Luchinus
800 1575 954 1607 sindicus
980 1577 1015 1607 ut
1040 1584 1143 1616 supra
1179 1576 1252 1608 suis
1276 1578 1307 1608 et
1332 1576 1433 1608 dictis
1470 1576 1663 1608 nominibus
1700 1577 1858 1609 dicebant
1882 1580 1914 1610 et
1939 1578 2023 1610 fate-

206 1636 327 1669 bantur
352 1645 468 1669 verum
493 1645 582 1669 esse.
609 1636 750 1678 Insuper
775 1637 848 1678 ipse
882 1638 1041 1670 dominus
1077 1638 1186 1670 abbas
1211 1640 1242 1671 et
1267 1638 1367 1671 frater
1392 1638 1458 1670 Leo
1484 1639 1638 1671 sindicus
1664 1639 1728 1671 iam
1754 1639 1867 1672 dictus
1892 1640 1965 1672 suis
1990 1644 2022 1672 et

201 1699 303 1731 dictis
328 1699 524 1731 nominibus
549 1700 707 1731 dixerunt
731 1701 763 1732 et
788 1700 937 1732 confessi
963 1700 1097 1732 fuerunt
1123 1710 1243 1733 versus
1269 1701 1419 1742 prefatos
1451 1701 1623 1733 dominum
1662 1702 1805 1742 priorem
1831 1704 1862 1734 et
1888 1702 2022 1735 fratrem

199 1761 388 1794 Luchinum
413 1762 486 1794 suis
510 1763 542 1794 et
566 1762 667 1794 dictis
692 1762 887 1795 nominibus
924 1763 1138 1804 stipulantes,
1163 1764 1254 1804 quod
1281 1772 1300 1795 a
1325 1764 1478 1804 predicto
1503 1763 1645 1796 termino
1671 1766 1759 1796 retro
1784 1765 1885 1796 nichil
1924 1774 2022 1798 occa-

200 1824 296 1856 sione
321 1824 388 1856 ficti
414 1824 556 1865 predicti
582 1826 686 1857 restat
710 1825 752 1857 ad
779 1824 994 1864 solvendum,
1019 1826 1223 1866 computatis
1248 1826 1408 1858 omnibus
1433 1825 1709 1858 confessionibus
1735 1828 1767 1859 et
1792 1827 2021 1859 solutionibus

205 1886 283 1918 hinc
308 1888 395 1919 retro
419 1886 528 1919 factis.
555 1886 799 1920 Renuntiantes
824 1887 944 1929 prefati
981 1888 1140 1920 dominus
1176 1888 1285 1920 abbas
1310 1890 1342 1920 et
1366 1888 1474 1934 frater
1491 1888 1557 1920 Leo
1582 1888 1736 1921 sindicus
1763 1890 1797 1921 ut
1822 1898 1926 1930 supra
1958 1898 2022 1922 suo

203 1950 236 1981 et
252 1948 352 1982 dictis
370 1949 565 1982 nominibus
583 1949 775 1991 exceptioni
794 1959 860 1982 non
879 1950 1069 1982 habitorum
1093 1951 1319 1992 predictorum
1346 1951 1559 1983 denariorum
1585 1952 1766 1984 occasione
1791 1953 2022 1993 suprascripta

200 2012 233 2043 et
257 2011 330 2052 spei
355 2010 465 2044 future
491 2012 733 2044 numerationis
751 2014 783 2044 et
800 2021 866 2044 non
885 2012 972 2044 facte
991 2013 1158 2053 presentis
1175 2012 1404 2045 confessionis
1421 2013 1581 2054 omnique
1604 2013 1659 2045 alii
1685 2014 1879 2055 exceptioni
1906 2016 2022 2046 contra

203 2073 364 2114 predicta.
392 2072 548 2106 Preterea
573 2073 692 2115 prefati
710 2074 869 2106 dominus
887 2075 978 2115 prior
1002 2076 1033 2106 et
1057 2074 1159 2107 frater
1176 2074 1347 2107 Luchinus
1365 2075 1519 2107 sindicus
1549 2076 1612 2107 iam
1642 2076 1755 2108 dictus
1784 2076 1856 2108 suis
1874 2078 1906 2108 et
1923 2076 2022 2108 dictis

203 2135 397 2168 nominibus
435 2135 629 2168 obtulerunt
654 2138 685 2168 et
718 2137 1005 2177 consignaverunt
1029 2145 1068 2168 ac
1094 2136 1237 2168 offerunt
1262 2139 1294 2169 et
1319 2138 1522 2179 consignant
1557 2137 1696 2179 prefatis
1733 2138 1871 2170 domino
1906 2138 2021 2170 abbati

201 2199 234 2230 et
257 2197 348 2230 fratri
375 2197 476 2230 Leoni
502 2198 635 2230 sindico
665 2198 828 2239 predicto,
854 2207 969 2230 eorum
1006 2199 1201 2231 nominibus
1226 2202 1258 2231 et
1284 2200 1418 2231 nomine
1443 2201 1474 2231 et
1499 2200 1573 2232 vice
1599 2201 1793 2232 monasterii
1820 2201 1962 2241 predicti
1989 2203 2020 2232 et

202 2260 307 2292 totius
325 2260 476 2301 capitulli
495 2261 659 2299 eiusdem,
676 2260 835 2293 denarios
860 2263 1005 2302 quatuor
1029 2261 1213 2302 papienses
1238 2262 1412 2294 actualiter
1430 2264 1624 2295 numeratos
1643 2263 1674 2294 in
1702 2263 1872 2303 presentia
1886 2263 2020 2295 testium

201 2324 234 2355 et
259 2323 322 2354 mei
348 2323 467 2355 notarii
493 2322 783 2364 infrascriptorum
809 2332 871 2364 pro
895 2323 974 2355 ficto
998 2324 1076 2356 anni
1110 2324 1211 2356 unius
1236 2324 1318 2356 finiti
1344 2324 1377 2356 in
1402 2324 1492 2356 dicto
1518 2324 1605 2357 festo
1630 2325 1738 2357 sancti
1765 2325 1900 2357 Martini
1926 2326 2024 2357 tabu-

204 2384 310 2416 larum
336 2386 482 2426 quatuor
506 2385 683 2417 cuiusdam
720 2385 859 2417 alterius
895 2386 1072 2418 sediminis
1098 2386 1153 2418 siti
1179 2388 1214 2419 ut
1238 2395 1342 2428 supra
1367 2387 1399 2418 in
1425 2387 1524 2419 dictis
1561 2389 1657 2428 porta
1683 2390 1714 2419 et
1740 2388 1910 2428 parochia,
1936 2396 2022 2428 quas

202 2447 246 2479 ab
272 2448 348 2488 ipso
374 2448 579 2480 monasterio
604 2450 719 2480 tenent
743 2448 786 2480 ad
811 2448 936 2487 fictum,
961 2449 1114 2481 dicentes
1132 2451 1164 2481 et
1181 2451 1407 2490 protestantes
1433 2450 1505 2482 suis
1530 2451 1561 2482 et
1586 2450 1686 2482 dictis
1712 2450 1906 2482 nominibus
1931 2451 2021 2491 quod

202 2510 309 2550 parati
335 2512 414 2542 sunt
438 2510 528 2542 omni
554 2510 675 2542 effectu
702 2510 797 2551 ipsos
823 2510 981 2543 denarios
1017 2513 1162 2552 quatuor
1198 2511 1381 2552 papienses
1407 2512 1534 2543 eisdem
1572 2512 1710 2543 domino
1735 2512 1848 2544 abbati
1875 2515 1906 2544 et
1932 2512 2021 2544 fratri

205 2571 305 2605 Leoni
331 2572 465 2605 sindico
491 2573 555 2605 iam
573 2573 664 2605 dicto
683 2573 755 2605 suis
773 2575 804 2605 et
822 2573 922 2605 dictis
948 2573 1142 2606 nominibus
1167 2573 1258 2612 dare,
1276 2574 1408 2606 solvere
1426 2576 1456 2606 et
1482 2583 1667 2613 numerare,
1684 2575 1870 2606 dummodo
1895 2575 2021 2607 eisdem

204 2634 353 2667 debitam
379 2635 504 2667 faciant
529 2635 790 2668 confessionem.
817 2633 882 2673 Qui
909 2635 1046 2676 quidem
1071 2635 1230 2668 dominus
1255 2635 1373 2668 Abbas
1398 2638 1431 2668 et
1455 2636 1556 2669 frater
1581 2636 1647 2669 Leo
1671 2637 1824 2669 sindicus
1849 2637 2023 2678 predictus

205 2697 278 2730 suis
303 2699 334 2730 et
359 2698 522 2739 predictis
548 2698 742 2730 nominibus
768 2698 863 2739 ipsos
880 2698 1039 2730 denarios
1064 2700 1209 2739 quatuor
1234 2699 1418 2740 papienses
1443 2699 1618 2740 suscipere
1644 2701 1851 2738 recusarunt,
1868 2700 2021 2732 dicentes

205 2759 297 2800 quod
323 2760 523 2792 investitura
541 2761 573 2792 in
592 2760 688 2801 ipsos
713 2760 858 2801 priorem
884 2762 915 2792 et
941 2759 1060 2792 fratres
1084 2760 1171 2792 facta
1197 2760 1238 2793 de
1264 2761 1349 2802 ipsis
1374 2761 1498 2793 tabulis
1512 2763 1658 2802 quatuor
1671 2761 1847 2794 sediminis
1864 2763 1915 2794 est
1931 2762 2023 2795 finita

206 2830 266 2854 nec
292 2822 439 2864 amplius
464 2822 572 2862 durat,
598 2825 630 2855 et
655 2824 809 2864 petentes
834 2823 877 2855 ab
903 2823 989 2863 ipsis
1014 2823 1152 2855 domino
1178 2823 1287 2864 priore
1313 2825 1344 2855 et
1368 2823 1468 2856 fratre
1494 2823 1656 2862 Luchino,
1674 2824 1747 2856 suis
1772 2825 1804 2856 et
1829 2824 2024 2856 nominibus

205 2884 343 2917 fratrum
368 2887 400 2918 et
425 2885 576 2927 capitulli
603 2885 841 2926 predictorum,
867 2894 904 2917 se
929 2885 971 2918 ad
999 2886 1255 2926 possessionem
1286 2886 1435 2927 ipsarum
1460 2886 1663 2919 tabullarum
1689 2889 1834 2928 quatuor
1847 2887 2024 2919 sediminis

206 2947 330 2980 debere
355 2948 496 2987 restitui,
521 2950 553 2980 et
578 2948 716 2980 easdem
750 2948 814 2980 sibi
841 2948 1045 2989 consignari,
1071 2957 1110 2980 ac
1134 2949 1234 2980 etiam
1271 2951 1425 2990 petentes
1449 2949 1492 2981 ab
1519 2949 1603 2990 ipsis
1629 2949 1745 2981 claves
1780 2949 1924 2982 ecclesie
1949 2959 2025 2991 pre-

206 3010 295 3042 dicte
320 3010 385 3043 sibi
410 3011 495 3043 tradi
522 3011 616 3043 iuxta
642 3010 782 3043 formam
808 3010 1047 3042 sententiarum
1074 3011 1158 3043 inter
1183 3011 1277 3052 ipsas
1303 3014 1416 3052 partes
1445 3011 1596 3044 latarum.
1622 3010 1688 3049 Qui
1714 3012 1850 3053 quidem
1865 3013 2023 3044 dominus

207 3073 298 3114 prior
322 3075 355 3106 et
378 3073 478 3106 frater
503 3073 676 3106 Luchinus
701 3074 853 3106 sindicus
879 3073 943 3104 iam
969 3073 1092 3112 dictus,
1110 3074 1182 3106 suis
1200 3076 1231 3106 et
1257 3074 1356 3106 dictis
1381 3074 1586 3113 nominibus,
1619 3075 1781 3116 predictis
1799 3075 2023 3116 responsioni.

207 3136 440 3176 protestationi
466 3138 498 3168 et
523 3137 676 3178 petitioni
691 3145 757 3168 non
772 3138 1017 3169 consenserunt
1043 3145 1103 3168 nec
1118 3137 1344 3175 consentiunt,
1361 3139 1529 3177 quatenus
1554 3137 1585 3168 in
1618 3146 1744 3176 eorum,
1771 3138 1842 3169 suis
1868 3139 1899 3169 et
1924 3138 2023 3169 dictis

1993 3206 2019 3226 28
