2496 3600
830 0 849 8 υ
869 0 971 36 tw(
1210 0 1532 21 „pf-z
1548 0 1944 27 r4÷>“‡,r*⁷*a*?ffiwspffl
1955 3 1958 6 “
1995 4 2118 28 ,

485 256 548 289 196

481 391 532 424 eis
557 399 660 433 super
685 391 785 425 bonis
809 393 841 425 et
865 391 967 425 rebus
991 392 1035 424 ad
1061 392 1172 434 ipsum
1199 393 1439 425 monasterium
1465 393 1700 434 spectantibus
1725 393 1899 427 molestias
1924 394 1977 428 vel
2002 394 2150 428 iacturas
2173 403 2194 428 a
2216 393 2318 430 Sedex

480 452 680 495 Apostolica
705 463 765 496 per
789 454 900 496 ipsius
924 453 1025 488 Sedis
1050 454 1175 494 literas,
1200 455 1364 496 deputato
1389 457 1421 488 et
1446 456 1591 489 habente
1615 457 1846 499 cognoscendi
1863 457 1907 490 de
1925 458 2002 498 hiis,
2019 467 2086 501 que
2110 447 2317 493 iudicialem

481 517 655 558 requirunt
679 517 885 559 indaginem,
911 526 970 559 per
994 517 1131 550 easdem
1159 517 1272 550 literas
1297 518 1510 559 potestatem,
1536 519 1692 560 pretextu
1718 519 1902 553 earundem
1921 519 2102 561 literarum,
2127 520 2160 554 in
2177 520 2305 564 quibus

481 579 555 620 ipse
572 579 758 621 episcopus
772 579 955 621 deputatus
969 581 1189 612 conservator
1202 579 1369 620 extiterat,
1384 581 1419 613 ut
1433 579 1599 622 prefertur
1611 581 1764 615 fecerunt
1776 582 1818 615 ad
1834 582 1995 616 iudicium
2005 583 2167 623 revocari,
2180 591 2221 620 ac
2230 583 2307 626 ipse

481 640 577 674 Prior
589 644 621 674 et
635 641 755 674 fratres
769 641 892 674 domus
906 642 1057 683 predicte
1071 643 1265 675 asserentes
1279 642 1371 684 quod
1387 643 1452 685 ipsi
1463 643 1644 677 nonnullas
1659 644 1692 677 in
1702 644 1777 686 ipsa
1791 644 1937 678 ecclesia
1947 654 1987 679 ac
1996 645 2072 679 eius
2085 646 2319 688 reparatione„

481 713 521 737 ac
547 705 646 736 etiam
673 705 704 736 in
730 704 831 736 certis
855 704 932 736 aliis
957 704 1161 737 comunibus
1187 704 1389 738 utilitatibus
1414 705 1566 747 ipsorum
1592 705 1719 740 Priorls
1744 709 1777 740 et
1802 706 1954 740 Fratrum
1982 708 2107 741 domus
2142 708 2307 750 predicte,
2343 693 2365 698 Α

481 768 514 800 et
538 766 682 799 Abbatis
708 769 739 799 et
764 767 964 805 conventus,
990 766 1022 798 in
1048 766 1175 808 quibus
1200 767 1274 809 ipsi·
1292 766 1410 801 Abbas
1435 770 1468 801 et
1492 770 1683 802 conventus
1708 769 1923 803 contribuere
1947 770 2159 811 tenebantur,
2185 779 2305 805 neces-
2328 769 2342 816 j,

480 829 591 861 sarias
608 837 781 870 expensas
799 830 831 861 et
847 830 927 861 tunc
945 837 1133 870 expressas
1149 828 1313 869 fecerunt,
1331 830 1466 872 ipsique
1485 829 1604 864 Abbas
1623 833 1655 864 et
1672 834 1863 865 conventus
1880 832 1924 866 ad
1941 832 2017 866 illas
2031 833 2245 867 contribuere
2267 841 2307 868 se

483 891 686 924 recusabant
704 899 808 932 super
825 890 914 923 facto
932 890 989 923 illo
1006 893 1039 923 et
1056 892 1156 924 etiam
1175 892 1275 925 certis
1292 891 1369 925 aliis
1387 893 1490 927 rebus
1507 893 1756 928 similiter'tunc
1774 895 1962 937 expressis,
1979 895 2118 928 eosdem
2137 894 2307 932 Abbatem

483 955 514 986 et
532 955 736 986 conventum
762 962 875 985 coram
901 953 1022 986 eodem
1048 952 1218 987 Gulielmo
1243 955 1410 997 episcopo
1429 959 1709 997 reconvenerunt;
1726 958 1759 990 et
1775 957 1899 990 deinde
1915 966 1991 990 cum
2009 957 2097 991 idem
2115 948 2363 994 Gulielmius-1³¹

483 1016 670 1057 episcopus
695 1017 851 1057 pretextu
878 1016 1061 1049 earundem
1088 1015 1271 1050 litterarum
1298 1018 1330 1050 in
1356 1018 1482 1060 quibus
1507 1021 1727 1052 conservator
1751 1015 1936 1062 deputatus
1953 1020 2016 1054 fuit
2033 1022 2069 1054 ut
2085 1021 2260 1063 prefertur,
2312 1009 2345 1052 '³²2

484 1141 516 1172 in
554 1141 681 1182 quibus
719 1141 793 1182 ipse
831 1139 1023 1174 Gulielmus
1059 1143 1280 1175 conservator
1304 1143 1489 1185 deputatus
1529 1145 1610 1183 erat,
1636 1145 1668 1177 et
1704 1144 1998 1187 subdelegationis
2035 1146 2230 1179 huiusmodi

482 1205 580 1236 actus
606 1204 638 1235 in
665 1212 769 1236 causa
795 1203 1002 1243 huiusmodi,
1028 1204 1109 1236 citra
1134 1205 1246 1237 tamen
1272 1205 1450 1238 diffinitive
1483 1207 1648 1239 sententie
1685 1207 1909 1249 prolationem
1947 1209 2033 1241 inter
2068 1209 2164 1251 ipsas
2196 1217 2241 1251 pa

483 1266 746 1307 processissent,
772 1267 804 1298 et
828 1267 1026 1299 successive
1052 1265 1213 1300 Gulielmi
1239 1269 1271 1300 et
1295 1268 1617 1302 subconservatoris
1642 1269 1871 1311 predictorum
1898 1270 1930 1303 in
1957 1271 2019 1303 hac
2043 1273 2138 1313 parte
2175 1270 2364 1313 iurisdkz

484 1329 594 1361 ctione
619 1329 723 1368 finita,
749 1329 838 1361 idem
863 1327 1055 1362 Gulielmus
1080 1330 1276 1372 episcopus,
1294 1331 1347 1363 cui
1378 1331 1584 1365 venerabilis
1608 1332 1710 1365 frater
1734 1335 1849 1366 noster
1872 1333 2060 1375 episcopus
2088 1320 2355 1381 Novar-tensis}

484 1393 706 1424 conservator
730 1391 795 1424 sub
820 1392 987 1425 consimili
1014 1394 1182 1434 potestate
1207 1393 1335 1426 eisdem
1361 1393 1485 1427 Abbati
1511 1395 1544 1427 et
1567 1395 1750 1428 conventui
1775 1395 1818 1428 de
1843 1405 1934 1428 novo
1951 1405 2012 1438 per
2027 1397 2170 1430 eandem
2187 1394 2256 1430 Sed
2333 1389 2337 1398 ³

483 1455 667 1496 deputatus
692 1456 849 1496 pretextu
875 1455 1028 1488 eiusdem
1055 1464 1142 1488 nove
1183 1456 1363 1497 potestatis
1388 1457 1483 1490 vices
1519 1466 1601 1490 suas
1626 1458 1659 1490 in
1685 1458 1747 1491 hac
1785 1461 1878 1500 parte
1914 1459 2083 1493 commisit
2117 1459 2253 1493 liuiusm

441 1503 446 1507 ⁸
484 1526 660 1557 novarum,
687 1519 718 1550 et
742 1518 807 1550 sibi
834 1518 922 1550 dicte
947 1519 1200 1551 commissionis
1224 1519 1312 1552 facte
1338 1522 1494 1561 pretextu
1519 1520 1659 1553 alterius
1684 1521 1716 1553 in
1743 1521 1819 1563 ipsa
1844 1530 1949 1555 causa
1974 1522 2165 1564 procedens
2189 1521 2318 1556 diffini—v

484 1581 587 1612 tivam
625 1581 746 1621 partim
783 1589 845 1621 pro
882 1580 1015 1613 Abbate
1039 1582 1072 1614 et
1097 1579 1289 1621 Conventu,
1314 1583 1346 1614 et
1371 1583 1491 1623 partim
1517 1592 1578 1624 pro
1603 1582 1719 1616 Priore
1744 1585 1777 1616 et
1802 1583 1963 1617 fratribus
2003 1584 2126 1618 domus
2151 1584 2334 1633 predicte,-

483 1643 686 1675 sententiam
713 1642 968 1685 promulgavit:

574 1705 602 1737 A
628 1714 695 1746 qua
721 1706 858 1747 quidem
885 1707 1052 1739 sententia
1077 1715 1138 1748 pro
1163 1708 1258 1748 parte
1284 1707 1513 1748 predictorum
1538 1707 1666 1741 Prioris
1691 1711 1724 1741 et
1748 1708 1887 1742 fratrum
1912 1709 2036 1743 domus
2061 1709 2190 1752 prefate
2214 1710 2248 1743 in
2272 1699 2366 1747 eof

483 1777 553 1809 quo
579 1770 695 1800 contra
720 1777 780 1801 eos
806 1768 872 1801 lata
897 1768 959 1801 fuit
983 1769 1025 1801 ad
1052 1767 1175 1802 Sedem
1201 1770 1312 1802 extitit
1336 1770 1544 1811 appellatum
1562 1771 1726 1804 eamdem.
1744 1771 1887 1813 Nosque
1905 1780 2044 1805 causam
2074 1772 2316 1814 appellationis

485 1831 681 1863 huiusmodi
709 1831 796 1863 bone
821 1832 982 1864 memorie
1008 1831 1190 1864 Francisco
1215 1833 1381 1874 episcopo
1406 1831 1595 1866 Prenestin.
1621 1831 1738 1867 Sancte
1767 1833 1918 1869 Romane
1953 1834 2098 1868 ecclesie
2133 1834 2320 1868 Vice-can-

485 1893 621 1926 cellario
646 1894 688 1926 ad
716 1894 909 1926 instantiam
935 1891 1132 1927 eorumdem
1158 1894 1286 1928 Prioris
1304 1897 1336 1928 et
1360 1895 1499 1928 fratrum
1525 1896 1649 1929 domus
1673 1897 1826 1938 predicte
1850 1897 2055 1930 audiendam
2080 1898 2319 1932 commisimus

484 1958 517 1989 et
543 1957 607 1989 fine
633 1957 750 1989 debito
775 1957 1033 1997 terminandam,
1059 1967 1126 1990 non
1152 1958 1311 1990 obstante
1337 1959 1429 2000 quod
1455 1967 1561 1992 causa
1586 1959 1662 2001 ipsa
1686 1959 1728 1993 de
1753 1960 1806 1992 sui
1832 1962 1951 1993 natura
1979 1961 2023 1993 ad
2041 1959 2228 1995 Romanam
2245 1958 2316 1995 Cu·-
2330 1974 2363 2011 13

485 2019 568 2052 riam
595 2019 743 2061 legitime
768 2020 929 2052 devoluta
954 2022 987 2052 et
1011 2020 1103 2062 apud
1129 2029 1204 2053 eam
1228 2021 1404 2054 tractanda
1429 2023 1461 2054 et
1485 2021 1633 2055 finienda
1658 2031 1725 2055 non
1750 2024 1843 2055 esset
1859 2020 1921 2064 (l).
1955 2022 1996 2055 Et
2017 2022 2140 2056 deinde
2161 2022 2316 2066 predicto

486 2081 669 2114 Francisco
694 2082 860 2123 episcopo
886 2084 1069 2124 postquam
1096 2083 1128 2114 in
1154 2083 1349 2116 huiusmodi
1375 2092 1514 2117 causam
1539 2084 1582 2117 ad
1608 2085 1719 2118 certos
1743 2087 1840 2118 actus
1865 2086 1951 2118 inter
1974 2087 2089 2128 partes
2117 2086 2213 2128 ipsas
2236 2094 2372 2131 pro-K.²

485 2146 647 2183 cesserat,
673 2145 741 2177 vita
766 2144 892 2184 functo,
918 2144 991 2177 Nos
1028 2154 1167 2178 causam
1208 2145 1404 2179 huiusmodi
1441 2146 1500 2179 tibi
1538 2146 1744 2180 audiendam
1781 2148 2014 2181 commisimus
2039 2149 2072 2181 et
2095 2148 2162 2182 fine
2197 2148 2315 2182 debito
2343 2164 2364 2177 s

485 2206 741 2239 terminandam.
769 2206 992 2239 Postmodum
1019 2216 1099 2240 vero
1125 2217 1186 2249 pro
1211 2209 1306 2250 parte
1330 2208 1496 2241 dictorum
1521 2207 1650 2242 Prioris
1674 2211 1707 2242 et
1730 2194 1869 2243 fratrum
1895 2210 2018 2243 domus
2040 2210 2195 2255 predicte
2211 2210 2380 2245 nobis

488 2270 648 2311 exposito
674 2270 767 2311 quod
793 2279 868 2301 cum
894 2270 959 2311 ipsi
985 2270 1043 2311 qui
1069 2270 1295 2312 quadraginta
1321 2273 1400 2303 sunt
1435 2280 1576 2304 numero
1601 2271 1655 2304 vel
1692 2272 1792 2312 circa,
1818 2274 1850 2305 et
1873 2275 1966 2306 arcta
2002 2274 2203 2315 paupertate
2237 2281 2316 2317 gra-

486 2334 619 2371 vantur,
644 2332 840 2364 huiusmodi
866 2332 983 2365 offitiis
1008 2333 1135 2365 divinis
1160 2334 1192 2366 et
1216 2333 1433 2366 sermonibus
1457 2334 1500 2366 ad
1526 2334 1691 2376 populum
1715 2334 1784 2368 fere
1808 2336 1989 2378 sexaginta
2024 2336 2124 2369 annis
2158 2321 2375 2387 proxime

486 2395 656 2436 preteritis
675 2395 793 2427 intenti
812 2395 936 2428 fuerint
949 2397 981 2428 et
994 2396 1154 2435 existant,
1173 2398 1205 2428 et
1222 2396 1267 2428 ob
1285 2397 1507 2430 reverentiam
1525 2397 1606 2430 dicti
1625 2395 1740 2430 Sancti
1758 2398 1868 2439 ipsam
1886 2398 2067 2432 ecclesiam
2084 2399 2119 2431 in
2135 2387 2378 2444 ornamen-„gjss

486 2457 530 2489 tis
548 2459 580 2490 et
596 2458 803 2499 paramentis
828 2458 942 2499 quoad
962 2458 1157 2490 huiusmodi
1175 2458 1302 2491 cultum
1320 2459 1353 2491 in
1371 2460 1447 2501 ipsa
1472 2459 1617 2492 ecclesia
1641 2459 1830 2493 solemnius
1854 2461 2087 2504 peragendum
2113 2462 2315 2504 sumptuose
2333 2476 2350 2495 ι

486 2519 688 2560 decorarint,
706 2522 739 2553 et
756 2521 866 2562 ipsam
885 2521 1066 2553 ecclesiam
1084 2522 1316 2563 reparaverint
1332 2524 1365 2555 et
1382 2531 1456 2555 eam
1474 2523 1641 2564 cooperiri
1667 2523 1818 2564 fecerint,
1843 2524 2034 2566 prefatique
2057 2525 2166 2558 abbas
2182 2526 2216 2558 et
2231 2532 2316 2558 con-
2333 2510 2370 2574 f

487 2584 622 2622 ventus,
647 2583 704 2624 qui
730 2584 808 2616 octo
833 2583 886 2616 vel
913 2592 1035 2616 novem
1061 2585 1140 2616 sunt
1168 2593 1319 2624 numero,
1356 2585 1389 2617 in
1425 2584 1646 2619 facultatibus
1682 2588 1915 2628 competenter
1949 2587 2133 2627 abundent,
2169 2587 2314 2629 ipsaque
2337 2583 2383 2635 ξ’

485 2645 631 2678 ecclesia
656 2654 716 2686 per
741 2645 882 2678 eosdem
907 2646 1053 2687 priorern
1079 2648 1111 2678 et
1135 2646 1256 2679 fratres
1281 2647 1404 2680 domus
1429 2648 1582 2689 predicte
1608 2648 1718 2691 magis
1742 2649 1926 2682 honoretur
1949 2658 1988 2682 ac
2013 2649 2095 2682 inibi
2124 2659 2184 2692 per
2199 2658 2261 2683 eos
2277 2649 2312 2683 in

485 2707 613 2740 divinis
638 2707 761 2740 officiis
786 2708 968 2741 antedictis
993 2708 1192 2751 diligentius
1219 2709 1416 2749 celebretur,
1442 2719 1544 2752 quam
1569 2719 1630 2752 per
1642 2710 1811 2745 Abbatem
1829 2713 1861 2745 et
1877 2713 2081 2745 conventum
2098 2699 2370 2756 memoratos..

487 2771 519 2802 et
543 2770 625 2811 quia
650 2770 751 2802 etiam
777 2771 819 2803 ad
846 2771 956 2812 ipsam
982 2771 1164 2804 ecclesiam
1189 2771 1339 2804 fidelium
1365 2781 1555 2805 concursus
1579 2773 1692 2806 minus
1716 2773 1818 2806 solito
1842 2774 1986 2807 habetur
2009 2783 2071 2816 pro
2095 2783 2137 2807 eo
2161 2774 2254 2816 quod
2278 2774 2312 2808 in
2329 2774 2372 2822 (ξ’-

486 2831 647 2864 fortalitio
672 2832 829 2874 papiensi
857 2834 1026 2873 consistit,
1051 2834 1094 2866 ad
1119 2834 1212 2875 quod
1237 2834 1399 2867 accedere
1416 2835 1459 2867 ad
1477 2835 1587 2877 ipsam
1605 2835 1784 2869 ecclesiam
1802 2835 1997 2869 volentibus
2014 2823 2377 2872 christifidelibus-E

488 2893 530 2924 ad
557 2903 673 2926 eorum
699 2897 820 2927 nutum
846 2905 913 2928 non
939 2897 1032 2937 patet
1056 2905 1232 2936 accessus,
1258 2898 1290 2929 et
1314 2899 1494 2939 propterea
1519 2898 1619 2930 etiam
1645 2898 1711 2940 ipsi
1743 2897 1841 2931 Prior
1864 2900 1897 2931 et
1920 2898 2041 2931 fratres
2076 2899 2200 2932 domus
2235 2907 2315 2942 pre-

545 3050 576 3076 (l)
587 3050 618 3072 La
633 3052 784 3074 concessione
798 3052 857 3074 fatta
872 3052 910 3074 dal
920 3059 1012 3076 summo
1023 3053 1142 3076 Pontefice
1151 3054 1197 3081 agli
1209 3055 1334 3077 Eremltani
1349 3055 1371 3076 di
1426 3055 1472 3077 alla
1488 3055 1645 3077 benevolenza
1667 3055 1690 3077 di
1712 3054 1832 3078 Bonitacio
1847 3055 1877 3078 lx
1898 3061 1941 3083 per
1961 3055 2077 3083 l'Ordine,
2099 3056 2213 3079 dimo-stra
2234 3057 2309 3080 anche

493 3100 593 3117 avocare
607 3095 630 3116 in
645 3094 714 3117 Curia
729 3096 750 3116 la
766 3102 837 3118 causa
852 3097 875 3118 in
890 3099 974 3124 queste
996 3098 1150 3126 circostanze,
1162 3099 1245 3126 poiche
1255 3099 1278 3121 in
1288 3099 1326 3121 via
1340 3105 1377 3121 or·
1431 3100 1473 3122 che
1487 3105 1501 3122 a
1515 3100 1547 3122 lui
1562 3105 1608 3122 non
1623 3105 1662 3122 era
1676 3100 1772 3122 riuscita
1791 3100 1814 3122 di
1830 3099 2006 3123 soddlsfazione
2019 3101 2041 3122 la
2056 3102 2177 3128 sentenza,
2196 3101 2239 3124 che
2261 3101 2312 3124 eol-
2344 3087 2381 3124 ‘³11'

493 3139 582 3161 dinaria
597 3139 616 3161 si
632 3139 731 3161 sarebbe
746 3139 834 3162 dovura
858 3142 957 3164 trattare
978 3142 1016 3164 dal
1037 3148 1140 3165 vescovo
1161 3143 1292 3171 delegante,
1314 3144 1375 3166 oltre
1427 3145 1483 3171 piva
1497 3144 1528 3172 gli
1543 3145 1696 3172 Agostlnlanl.
