2496 3600
2003 254 2046 285 67

222 386 302 419 dicti
327 385 485 417 dominus
509 383 629 416 Abbas
654 384 686 415 et
711 382 855 422 Fratres,
893 382 1028 414 nomine
1065 382 1145 415 dicti
1184 383 1390 422 monasterii,
1427 383 1537 416 eidem
1563 384 1667 416 Fratri
1694 384 1885 427 Augustino
1911 388 2045 419 nomine

223 447 303 480 dicti
327 445 465 479 Ordinis
491 445 735 477 Heremitarum
761 444 937 476 licenciam
963 445 995 476 et
1020 444 1253 476 auctoritatem
1279 445 1508 477 omnimodam
1545 446 1711 478 dederunt
1735 449 1767 479 et
1792 451 2045 480 concesserunt.

224 507 429 541 Traddendo
453 507 484 539 ei
509 507 600 539 dicto
636 507 771 538 nomine
808 506 995 538 dominium
1021 507 1053 538 et
1077 507 1336 547 possessionem
1373 507 1414 539 de
1448 508 1621 548 predictis,
1647 517 1686 540 ac
1712 508 1754 540 ad
1781 509 1940 541 maiorem
1967 519 2047 542 cau-

224 571 336 605 tellam
361 571 527 612 ponentes
551 570 584 601 et
609 569 862 601 introducentes
887 569 999 609 ipsum
1024 568 1158 601 fratrem
1198 568 1425 610 Augustinum
1463 570 1598 602 nomine
1636 571 1745 611 ipsius
1778 570 1916 603 Ordinis
1943 573 1974 603 in
1999 574 2048 604 te-

226 635 338 666 nutam
374 634 406 665 et
442 631 652 673 corporalem
688 631 946 672 possessionem
983 631 1063 663 dicti
1101 631 1288 670 sediminis,
1325 631 1482 664 faciendo
1519 642 1595 665 eum
1632 633 1723 665 dicto
1761 634 1894 666 nomine
1933 635 1978 666 ire
2015 637 2046 666 et

226 695 332 728 redire
357 694 390 726 in
414 694 491 735 ipso
515 694 548 726 et
572 702 633 734 per
657 693 769 734 ipsum
795 693 947 725 sedimen
973 702 1011 725 ac
1038 694 1126 725 stare
1152 695 1184 725 et
1209 693 1328 726 sedere
1354 695 1386 726 et
1411 694 1524 726 dando
1550 695 1579 727 ei
1606 695 1697 727 dicto
1723 696 1857 728 nomine
1873 698 1904 728 et
1923 697 1954 727 in
1973 697 2046 728 eius

225 744 381 790 manibus
406 757 438 788 et
461 755 589 797 gremio
614 754 656 787 de
681 756 768 787 terra
793 756 825 787 et
849 755 930 787 erba
955 755 1065 796 ipsius
1090 755 1268 787 sediminis
1293 757 1324 787 et
1350 756 1382 787 in
1408 757 1542 798 signum
1581 766 1658 789 vere
1684 758 1716 789 et
1741 757 1928 798 corporalis
1966 767 2046 799 pos-

224 818 390 852 sessionis
413 817 626 858 adprehense
652 817 693 849 de
719 817 796 857 ipso
832 817 1008 849 sedimine.
1042 816 1090 848 Eo
1116 817 1218 849 modo
1243 817 1323 849 dicti
1349 818 1508 850 dominus
1544 818 1663 851 Abbas
1688 820 1720 851 et
1746 819 1878 852 Fratres
1912 821 2047 852 nomine

226 881 305 914 dicti
331 879 525 912 monasterii
550 878 702 911 fecerunt
726 880 919 920 presentem
946 879 1183 911 vendicionem
1209 881 1241 911 et
1265 880 1486 912 tradicionem
1513 883 1545 913 et
1570 881 1682 914 dietus
1701 881 1815 914 Frater
1832 881 2046 923 Augustinus

223 943 314 976 dicto
335 942 473 977 nomine
498 950 572 974 eam
598 941 735 982 recepit,
762 941 854 982 quod
880 941 922 973 de
947 943 1060 974 cetero
1086 942 1198 974 dictus
1223 942 1337 974 Frater
1361 931 1574 984 Augustinus
1600 945 1735 976 nomine
1761 945 1841 977 dicti
1860 944 2000 977 Ordinis
2015 947 2046 977 et

223 1005 323 1038 ceteri
348 1004 467 1036 fratres
492 1004 602 1045 ipsius
627 1002 766 1036 Ordinis
803 1005 980 1044 presentes
1017 1005 1049 1036 et
1084 1004 1185 1036 futuri
1211 1006 1243 1036 et
1268 1005 1325 1045 qui
1352 1005 1526 1037 habebunt
1562 1015 1700 1038 causam
1726 1007 1769 1038 ab
1795 1007 1871 1048 ipso
1908 1006 2047 1046 OrdIne‚

224 1067 378 1106 habeant,
413 1068 560 1105 teneant,
585 1066 756 1107 gaudeant
780 1067 812 1098 et
837 1066 1039 1107 possideant
1074 1066 1201 1098 dictum
1239 1067 1403 1099 sedimem
1441 1076 1517 1099 cum
1550 1069 1751 1101 accessibus
1777 1069 1990 1110 ingressibus
2016 1072 2048 1102 et

223 1129 381 1162 omnibus
416 1129 489 1161 suis
514 1128 644 1160 iuribus
669 1129 702 1160 et
726 1128 945 1169 pertinenciis
970 1128 1043 1160 suis
1068 1128 1100 1159 in
1126 1128 1302 1169 integrum.
1329 1128 1369 1161 Et
1394 1138 1470 1161 cum
1508 1139 1609 1162 onere
1646 1130 1749 1162 dandi
1775 1133 1807 1163 et
1832 1131 1988 1163 solvendi
2016 1132 2047 1164 in

222 1191 308 1224 testo
333 1189 447 1227 Sancti
467 1191 609 1227 ,Martini
627 1190 782 1231 proxime
807 1190 975 1222 venientis
1000 1191 1032 1222 et
1057 1190 1180 1222 deinde
1206 1191 1296 1222 omni
1322 1199 1411 1223 anno
1437 1200 1572 1233 semper
1597 1192 1629 1224 in
1655 1192 1742 1225 festo
1768 1191 1882 1226 Sancti
1909 1194 2046 1226 Martini

222 1254 332 1287 eidem
356 1253 495 1287 domino
531 1251 656 1285 Abbati
681 1254 714 1284 et
739 1251 912 1284 Fratribus
937 1253 969 1284 et
994 1260 1110 1284 eorum
1137 1253 1400 1285 successoribus
1437 1254 1571 1286 nomine
1605 1254 1685 1286 dicti
1712 1256 1906 1287 monasterii
1932 1256 2046 1288 fictum

222 1318 255 1349 et
278 1315 412 1348 nomine
447 1315 515 1348 ficti
552 1314 594 1347 de
630 1314 784 1355 predicto
809 1314 974 1346 sedimine
1011 1314 1170 1346 denarios
1195 1315 1375 1356 sexaginta
1399 1316 1584 1356 papienses
1602 1313 1663 1357 (l),
1689 1316 1848 1350 videlicet
1873 1318 2047 1350 denarium

223 1386 323 1410 unum
348 1386 409 1418 pro
434 1376 586 1418 qualibet
609 1375 726 1408 tabula
743 1375 823 1417 quia
851 1375 901 1408 sic
930 1375 1022 1408 stetit
1047 1376 1132 1408 inter
1156 1384 1216 1408 eos
1242 1385 1302 1417 per
1326 1378 1463 1418 pactum
1489 1379 1565 1409 ante
1591 1380 1783 1419 presentem
1810 1379 2047 1412 vendicionem

221 1440 254 1472 in
290 1439 375 1481 ipsa.
401 1438 441 1471 Et
465 1438 507 1471 de
532 1439 609 1480 ipso
633 1438 799 1471 sedimine
835 1437 961 1470 faciant
986 1438 1153 1479 quidquid
1179 1438 1358 1478 voluerint,
1394 1440 1467 1472 sine
1493 1440 1760 1473 contradictione
1787 1441 1953 1474 dictorum
1989 1443 2050 1474 do—

222 1502 301 1534 mini
337 1500 482 1534 Abbatis
506 1503 538 1533 et
563 1500 726 1540 Fratrum,
751 1502 814 1533 etc.
850 1497 971 1541 (segue
995 1500 1019 1532 il
1041 1500 1140 1533 solito
1157 1499 1384 1542 formulario).

308 1563 449 1605 Insuper
472 1562 665 1596 Bertolinus
690 1562 862 1600 Bastonus
886 1562 976 1595 filius
1001 1563 1174 1604 quondam
1189 1561 1409 1603 Guillelmoti,
1424 1564 1481 1605 qui
1496 1564 1528 1596 in
1543 1565 1721 1606 presencia
1747 1565 1874 1598 domini
1901 1565 2047 1608 Roglerii

221 1624 361 1660 Cartarii
386 1624 550 1659 Consulis
575 1625 710 1659 iusticie
735 1625 841 1667 Papie
867 1625 1098 1658 iurisdicionis
1124 1625 1308 1658 Lomelline
1333 1627 1567 1660 auctoritatem
1593 1636 1690 1660 suam
1724 1629 1907 1669 prestantis
1933 1631 1965 1661 et
1990 1630 2049 1662 de-

221 1690 347 1722 cretum
372 1697 471 1721 suum
497 1688 743 1730 interponentis
767 1688 810 1720 ad
836 1688 949 1720 omnia
985 1689 1017 1720 et
1053 1688 1187 1730 singula
1224 1688 1449 1730 infrascripta,
1486 1689 1667 1722 confessus
1703 1690 1765 1723 fuit
1789 1692 1822 1723 et
1847 1691 1968 1723 iuravit
2004 1693 2046 1724 ad

225 1749 348 1785 Sancta
372 1750 436 1784 Dei
461 1751 658 1793 Evangelia,
684 1751 904 1792 corporaliter
927 1751 1027 1783 tactis
1053 1751 1241 1792 scripturiS,
1261 1760 1297 1783 se
1316 1752 1477 1784 maiorem
1495 1761 1573 1785 esse
1591 1754 1678 1785 etate
1696 1762 1860 1785 annorum
1879 1754 1996 1786 decem
2015 1757 2047 1787 et

222 1814 299 1846 octo
323 1815 355 1846 et
380 1813 453 1856 lege
478 1813 595 1846 vivere
620 1812 708 1845 velle
733 1812 922 1851 lumbatda,
948 1814 980 1845 et
1004 1822 1072 1854 qua
1108 1815 1195 1845 etate
1233 1813 1346 1854 ipsum
1387 1814 1548 1846 maiorem
1573 1816 1605 1847 et
1631 1814 1704 1856 lege
1731 1815 1907 1848 lumbarda
1933 1817 2048 1849 vivere

222 1875 333 1908 dictus
357 1873 498 1915 Consul,
534 1877 601 1908 tam
626 1884 669 1908 ex
694 1877 837 1917 aspectu
874 1875 1028 1916 corporis
1064 1875 1174 1916 ipsius
1199 1875 1372 1915 Bertolini,
1409 1877 1441 1908 et
1469 1876 1544 1909 eius
1576 1879 1789 1910 sacramento
1815 1879 2049 1920 suprascripto

223 1937 372 1977 iurantis,
397 1937 635 1979 pronunciavit
659 1939 692 1970 et
716 1937 928 1979 pronunciat,
966 1938 1011 1970 ita
1047 1937 1140 1979 quod
1178 1938 1252 1979 ipse
1288 1937 1482 1970 Bertolinus
1507 1939 1618 1979 possit
1651 1948 1687 1971 se
1720 1939 1872 1981 obligare
1905 1942 1937 1972 et
1969 1950 2050 1972 con—

221 2000 350 2032 trahere
374 2001 547 2041 tamquam
572 2000 679 2032 maior
702 2001 735 2032 et
759 1999 920 2041 legittime
945 2000 1055 2039 etatis,
1081 2002 1113 2032 et
1139 1999 1306 2032 Iohannes
1331 1999 1503 2033 Bastonus
1528 2002 1628 2040 tutor,
1653 2002 1777 2034 tutorio
1803 2002 1938 2034 nomine
1964 2002 2050 2035 Lan-

222 2062 324 2094 zaroti
359 2062 418 2094 tilii
454 2062 627 2103 quondam
663 2060 873 2094 Guillelmoti
909 2062 1064 2103 predicti,
1089 2063 1122 2094 et
1147 2062 1290 2103 quilibet
1325 2062 1477 2104 ipsorum
1514 2063 1547 2095 in
1583 2063 1742 2103 solidum,
1776 2073 1837 2105 pro
1862 2064 1962 2096 dictis
1989 2065 2050 2096 do-

222 2124 313 2156 mino
336 2123 469 2157 Abbate
494 2126 527 2157 et
551 2124 734 2163 Fratribus,
760 2126 792 2157 et
817 2133 933 2157 eorum
958 2124 1120 2166 precibus
1144 2126 1177 2157 et
1202 2125 1380 2164 mandatis;
1406 2125 1448 2158 de
1474 2125 1637 2167 predictis
1662 2126 1822 2159 omnibus
1847 2129 1879 2159 et
1904 2127 2049 2168 singulis

223 2195 343 2220 versus
367 2187 495 2220 dictum
521 2187 695 2219 dominum
721 2186 869 2219 Fratrem
894 2180 1134 2229 Augustinum,
1152 2187 1371 2228 stipulantem
1390 2188 1525 2220 nomine
1543 2188 1623 2220 dicti
1658 2187 1808 2228 Ordinis,
1826 2189 2048 2221 fideiussores

224 2249 447 2282 extiterunt....
473 2250 535 2281 etc.
561 2248 601 2281 Et
626 2258 688 2290 pro
713 2249 778 2281 hiis
803 2249 1017 2288 vendicione,
1042 2249 1266 2289 traddicione,
1292 2249 1460 2289 cessione,
1485 2250 1719 2289 fideiussione,
1756 2251 1866 2291 pactis
1902 2253 1934 2283 et
1971 2260 2050 2292 pro-

223 2310 443 2344 missionibus
467 2313 500 2344 et
524 2311 683 2344 omnibus
708 2313 740 2343 et
765 2311 910 2353 singulis
946 2311 1190 2353 suprascriptis
1226 2311 1360 2344 fuerunt
1397 2311 1547 2344 confessi
1580 2312 1661 2344 dicti
1687 2312 1846 2345 dominus
1871 2312 1990 2345 Abbas
2015 2315 2047 2345 et

223 2372 354 2406 Fratres
378 2374 513 2406 nomine
550 2373 630 2406 dicti
668 2374 874 2413 monasterii,
900 2375 932 2406 et
957 2373 1069 2406 dictus
1095 2373 1289 2407 Bertolinus
1313 2376 1345 2406 et
1369 2374 1482 2407 dictus
1518 2376 1608 2407 tutor
1639 2375 1763 2407 tutorio
1800 2375 1935 2407 nomine
1973 2385 2048 2416 pre-

222 2435 313 2468 dicto
337 2445 458 2469 versus
495 2436 622 2469 dictum
660 2436 808 2469 Fratrem
837 2435 1066 2478 Augustinum
1103 2445 1140 2469 se
1177 2437 1356 2478 accepisse
1393 2439 1425 2469 et
1461 2437 1625 2470 habuisse
1662 2438 1705 2469 ab
1742 2446 1782 2470 eo
1820 2438 1861 2470 de
1899 2438 2047 2470 denariis

222 2497 302 2531 dicti
327 2497 466 2531 Ordinis
491 2499 642 2541 precium
667 2499 948 2540 suprascriptum,
975 2499 1134 2532 videlicet
1171 2498 1275 2532 libras
1311 2499 1478 2532 ducentas
1503 2499 1750 2541 quinquaginta
1775 2500 1971 2541 papienses,
1999 2509 2050 2532 re-

223 2560 415 2593 nunciando
441 2561 643 2602 excepcioni
669 2570 736 2593 non
761 2562 901 2602 accepte
927 2563 959 2593 et
984 2570 1051 2593 non
1077 2562 1249 2594 numerate
1274 2562 1429 2602 pecunie.
1456 2559 1613 2594 Ceterum
1632 2562 1769 2594 domina
1787 2561 1941 2603 Bignina,
1961 2571 2048 2594 uxor

223 2622 395 2663 quondam
431 2621 640 2656 Guillelmoti
677 2623 820 2664 predicti
856 2625 888 2656 et
913 2625 1018 2656 mater
1053 2623 1219 2656 dictorum
1256 2622 1417 2656 Bertolini
1443 2625 1475 2656 et
1500 2623 1685 2663 Lanzaroti,
1722 2633 1787 2665 que
1814 2624 1846 2655 in
1871 2625 2050 2665 presencia

224 2684 304 2718 dicti
328 2683 490 2718 Consulis
514 2685 673 2718 contessa
697 2685 758 2717 fuit
783 2694 820 2718 se
846 2685 919 2727 lege
945 2686 1060 2718 vivere
1086 2685 1248 2725 Romana,
1273 2687 1306 2718 et
1331 2685 1544 2727 infrascripta
1569 2686 1682 2718 omnia
1707 2688 1739 2718 et
1764 2686 1898 2728 singula
1934 2686 2046 2719 facere

224 2754 286 2779 sua
310 2748 446 2789 propria
469 2749 502 2780 et
526 2749 716 2789 spontanea
741 2747 914 2780 voluntate
940 2749 972 2780 et
996 2757 1039 2780 ex
1065 2749 1156 2781 certa
1180 2748 1333 2787 scientia,
1359 2748 1563 2780 renuntiavit
1599 2756 1721 2780 versus
1746 2748 1873 2780 dictum
1900 2748 2048 2782 Fratrem

225 2807 461 2851 Augustinum,
486 2810 621 2842 nomine
646 2809 747 2842 dictis
773 2808 923 2848 Ordinis,
949 2810 1038 2842 omni
1064 2810 1126 2842 iuri
1152 2810 1244 2851 quod
1270 2810 1346 2851 ipsa
1371 2809 1508 2842 domina
1548 2809 1696 2842 habebat
1721 2810 1754 2842 in
1779 2811 1933 2852 predicto
1958 2812 2050 2844 sedi-

281 2964 312 2991 (1)
325 2965 475 2988 osserviamo
489 2966 529 2993 qui
543 2967 586 2989 che
599 2966 622 2988 ln
636 2966 702 2989 torza
716 2967 776 2989 delle
790 2966 943 2994 disposizioni
963 2966 1050 2993 papali,
1063 2966 1109 2988 alle
1163 2966 1211 2988 nita
1226 2972 1272 2988 non
1287 2965 1394 2988 interiore
1408 2971 1422 2988 a
1437 2966 1585 2993 venticinque
1600 2972 1614 2988 ο
1628 2968 1705 2989 trenta
1720 2973 1828 2994 persone.
1852 2967 1937 2994 Quindi
1960 2971 2046 2995 questo

230 3009 292 3036 quali
306 3010 379 3032 anche
392 3010 415 3032 ln
430 3011 516 3037 questo
539 3011 678 3033 istromento
699 3011 719 3033 si
740 3011 763 3033 ta
783 3016 895 3038 accenno,
916 3011 947 3038 gli
962 3010 1107 3038 Agostiniani
1162 3016 1221 3037 peso
1235 3016 1313 3032 annuo
1329 3010 1351 3032 di
1365 3010 1393 3032 60
1406 3010 1486 3032 denari
1508 3011 1597 3038 pavesi,
1620 3011 1698 3038 paria
1713 3012 1773 3034 circa
1795 3012 1820 3034 L.
1841 3013 1855 3034 8
1876 3013 1935 3034 delle
1956 3015 2044 3039 nostre,

229 3056 334 3075 avevano
348 3052 428 3076 diritto
442 3053 465 3075 di
480 3059 616 3081 comperare
627 3060 687 3081 pure
701 3055 725 3076 et
743 3054 886 3082 simpliciter
908 3054 962 3081 quei
976 3053 1049 3081 tondi,
1067 3054 1110 3076 che
1164 3055 1206 3076 che
1227 3060 1322 3077 assume
1343 3054 1418 3077 torma
1433 3055 1455 3076 di
1470 3055 1556 3082 livello,
1571 3055 1591 3077 ci
1606 3056 1699 3077 sembra
1720 3062 1766 3078 non
1787 3056 1824 3078 del
1846 3058 1909 3079 tutto
1933 3058 2044 3079 normale,

230 3094 280 3118 loro
294 3095 385 3120 iussero
399 3098 516 3120 necessari
531 3103 572 3125 per
587 3098 737 3121 l'abitazlone
751 3099 904 3121 conveniente
918 3098 941 3121 di
956 3104 1002 3121 una
1025 3098 1110 3122 comu-
1165 3098 1242 3121 lntattl
1257 3098 1297 3126 piu
1312 3099 1372 3121 tardi
1387 3105 1416 3121 ne
1430 3099 1579 3126 original-ono
1594 3100 1772 3122 inconvenienti.
