2496 3600
1998 258 2037 290 51

225 392 361 432 bruarii,
386 391 608 425 Pontificatus
632 391 785 424 eiusdem
810 390 937 423 domini
962 389 1056 432 Pape
1081 399 1170 423 anno
1196 390 1387 428 undecimo,
1405 389 1651 422 ordinationem
1677 390 1786 431 ipsius
1804 390 1929 422 domini
1949 389 2041 432 Pape

225 456 286 497 per
307 463 409 496 quam
434 453 567 487 Fratres
592 452 732 486 Ordinis
757 452 978 486 Eremitarum
1004 451 1118 486 Sancti
1144 452 1336 494 Augustini,
1362 452 1488 493 quibus
1513 452 1619 493 presit
1643 451 1739 484 Prior
1763 452 1951 484 secundum
1981 453 2042 485 ob-

224 516 428 550 servantiam
453 516 562 558 ipsius
586 514 736 555 Ordinis,
762 516 856 548 iuxta
881 515 1061 548 ecclesiam
1087 515 1167 548 dicti
1193 515 1392 547 Monasterii
1418 513 1533 547 Sancti
1570 513 1659 547 Petri
1687 515 1718 546 in
1744 515 1818 547 celo
1854 524 1957 547 aureo
1983 524 2042 556 pa-

224 579 364 621 piensis,
389 578 446 611 ubi
471 587 596 619 corpus
621 578 774 610 eiusdem
800 578 888 610 beati
914 577 1094 619 Augustini
1121 577 1246 610 residet
1260 577 1480 618 solempniter
1496 577 1708 616 tumulatum,
1726 577 1851 609 debent
1868 578 2042 618 perpetuis

223 640 434 682 temporibus
458 640 628 673 habitare:
653 649 692 673 ac
719 639 855 672 modum
881 640 1069 672 secundum
1095 648 1196 681 quem
1221 639 1388 672 dictorum
1413 639 1564 672 Fratrum
1590 639 1760 672 habitacio
1778 641 1993 671 construatur
2009 642 2041 671 et

221 702 363 735 formam
387 702 540 735 eiusdem
565 704 598 735 et
621 702 747 735 decreti
771 701 918 735 faciendi
943 703 1135 743 presentem
1160 701 1397 734 vendicionem
1422 703 1455 734 et
1479 701 1617 734 alterius
1653 701 1887 740 ordinationis,
1905 701 2041 740 decreti,

223 765 350 804 statuti,
373 766 406 798 et
430 764 640 797 voluntatum
665 766 698 797 et
722 763 863 797 aliorur'n
889 764 979 797 circa
1003 764 1146 797 eandem
1171 764 1418 796 ordinationem
1444 772 1688 805 expressorum
1713 764 1849 805 plenius
1867 764 2043 810 continen-

221 827 315 860 tibus
337 826 462 860 clarius
486 829 518 860 et
542 827 743 860 evidencius
782 828 889 868 patet:
930 826 1021 859 ldem
1061 826 1221 859 dominus
1260 825 1390 866 Abbas,
1426 826 1645 868 presentibus
1681 828 1713 859 et
1749 827 2043 859 consentientibus

220 889 381 922 omnibus
404 891 437 922 et
460 889 604 932 singulis
628 887 812 923 Canonicis
837 889 1079 931 suprascriptis
1104 890 1136 922 et
1161 889 1225 930 ipsi
1251 889 1405 921 canonici
1431 897 1498 921 una
1523 897 1599 922 cum
1624 889 1716 922 dicto
1741 889 1879 921 domino
1897 887 2041 928 Abbate,

223 952 358 985 nomine
393 953 426 984 et
460 960 480 984 a
515 953 609 994 parte
645 951 725 984 dicti
762 951 968 991 monasterii,
1006 951 1160 984 volentes
1197 951 1355 984 mandata
1390 951 1580 993 apostolica
1612 951 1736 993 exequi
1763 953 1963 991 reverenter,
1982 961 2043 993 pro

222 1014 332 1056 pretio
355 1014 560 1047 florenorum
586 1014 675 1046 mille
700 1014 779 1046 boni
805 1014 876 1046 auri
903 1015 935 1046 et
959 1014 1038 1046 iusti
1064 1013 1226 1055 ponderis
1262 1015 1294 1046 et
1321 1014 1407 1046 bene
1432 1013 1701 1055 expendibilium
1719 1011 1781 1054 (l),
1807 1014 2042 1053 vendiderunt,

220 1076 430 1109 tradiderunt
454 1078 487 1109 et
511 1076 687 1115 dederunt,
712 1085 752 1109 ac
778 1076 940 1116 vendunt,
965 1076 1101 1109 tradunt
1125 1077 1158 1108 et
1182 1076 1263 1109 dant
1288 1075 1468 1118 religiosso
1505 1078 1537 1109 et
1573 1076 1758 1109 venerabili
1796 1077 1869 1108 viro
1905 1076 2043 1109 domino

220 1138 312 1172 fratri
337 1137 519 1172 Guillelmo
543 1137 650 1171 Priori
675 1137 833 1172 Generali
858 1137 998 1171 Ordinis
1023 1137 1174 1171 Fratrum
1200 1138 1444 1171 Heremitarum
1471 1137 1585 1171 Sancti
1611 1137 1804 1180 Augustini,
1820 1139 1992 1180 recipienti
2011 1141 2043 1171 et

221 1200 395 1243 stipulanti
420 1201 534 1234 omnia
557 1203 590 1233 et
614 1200 748 1242 singula
773 1200 987 1242 infrascripta
1012 1200 1146 1232 nomine
1160 1201 1192 1232 et
1207 1200 1281 1232 vice
1307 1200 1387 1232 dicti
1405 1199 1546 1233 Ordinis
1562 1199 1818 1240 Heremitarum,
1837 1201 2042 1233 nominative

221 1272 282 1306 per
305 1263 454 1296 alodium
479 1265 512 1296 et
535 1263 579 1296 ab
603 1263 694 1296 omni
719 1263 934 1305 prestacione
970 1264 1164 1304 exemptam
1189 1262 1327 1295 domum
1353 1271 1453 1295 unam
1479 1272 1555 1295 cum
1580 1263 1786 1304 quibusdam
1816 1263 2042 1302 domunculis,

223 1326 327 1359 curiis
351 1335 413 1359 seu
437 1326 665 1360 sediminibus
700 1334 738 1359 se
773 1325 969 1358 tenentibus
1005 1334 1081 1358 cum
1118 1325 1210 1358 dicta
1245 1325 1358 1364 dome,
1399 1325 1546 1367 positam
1571 1327 1604 1358 et
1629 1326 1793 1358 iacentem
1820 1326 1852 1358 in
1877 1325 1985 1367 Papia
2010 1326 2042 1357 in

219 1387 322 1422 Porta
345 1388 476 1428 Palatii,
501 1389 534 1421 in
559 1387 727 1421 Parochia
751 1386 866 1421 Sancti
892 1386 1026 1420 Andree
1041 1387 1083 1420 de
1097 1386 1223 1427 Broilo,
1237 1387 1364 1429 quibus
1382 1387 1542 1420 domibus
1559 1390 1592 1420 et
1609 1388 1712 1420 curiis
1730 1388 1890 1421 coherent
1907 1397 1927 1420 a
1945 1397 2042 1421 mane

220 1450 364 1484 heredes
399 1450 571 1492 quondam
607 1448 748 1483 Guilloti
781 1449 921 1483 Bastoni
947 1450 980 1482 in
1005 1451 1100 1492 parte
1125 1451 1157 1482 et
1182 1450 1215 1482 in
1239 1451 1334 1491 parte
1371 1448 1484 1482 Gilius
1519 1449 1754 1489 Fiambertus;
1779 1459 1799 1483 a
1835 1450 1973 1483 meridie
2011 1451 2042 1482 in

222 1514 317 1555 parte
342 1512 533 1545 lacominus
558 1512 770 1546 Fiambertus
794 1514 827 1545 et
851 1512 884 1544 in
909 1514 1004 1554 parte
1029 1510 1141 1545 Gilius
1166 1511 1378 1545 Fiambertus
1402 1513 1435 1544 et
1459 1512 1492 1544 in
1518 1514 1612 1554 parte
1631 1511 1798 1545 lohannes
1822 1512 1864 1545 de
1890 1511 1986 1545 Duce
2012 1515 2044 1545 et

217 1575 338 1608 fratres
361 1575 419 1607 filii
446 1575 619 1616 quondam
644 1573 779 1609 Ricardi
804 1576 837 1607 et
861 1574 894 1607 in
919 1576 1014 1616 parte
1040 1574 1235 1608 Franzonus
1260 1574 1494 1614 Fiambertus;
1519 1583 1538 1607 a
1563 1583 1640 1607 sero
1654 1575 1710 1607 via
1734 1574 1872 1616 publica
1898 1575 1930 1607 in
1948 1578 2042 1616 parte

218 1639 252 1670 et
275 1637 309 1670 in
333 1639 428 1679 parte
452 1637 599 1679 quedam
624 1637 748 1670 domus
772 1636 853 1670 dicti
879 1637 1085 1676 monasterii;
1110 1646 1130 1670 a
1154 1636 1247 1669 nulla
1271 1637 1354 1669 hora
1378 1636 1525 1670 ecclesia
1550 1637 1660 1679 ipsius
1697 1638 1891 1670 monasterii
1929 1636 2042 1670 Sancti

220 1698 310 1732 Petri
336 1700 368 1732 in
393 1701 488 1741 parte
512 1701 545 1732 et
570 1699 602 1731 in
627 1701 722 1741 parte
747 1699 877 1732 broilus
901 1708 962 1732 seu
987 1699 1183 1732 viridarium
1221 1699 1331 1740 ipsius
1371 1699 1576 1739 monasterii,
1602 1700 1676 1739 sive
1702 1699 1747 1732 ibi
1773 1699 1837 1732 alie
1862 1699 1915 1732 vel
1949 1699 2045 1732 aliter

220 1762 288 1795 sint
312 1762 523 1802 coherencie,
548 1771 624 1794 cum
649 1762 809 1795 omnibus
833 1764 866 1795 et
890 1761 1036 1804 singulis
1060 1770 1126 1804 que
1151 1761 1304 1803 predicta
1328 1761 1466 1794 vendita
1480 1761 1606 1794 habent
1630 1762 1715 1794 intra
1740 1771 1777 1795 se
1803 1764 1835 1795 et
1860 1771 1964 1804 super
1995 1771 2043 1801 se,

209 1824 264 1858 >ad
290 1825 366 1867 ipsa
391 1825 529 1858 vendita
553 1825 790 1867 spectantibus
816 1827 848 1858 et
873 1825 1131 1867 pertinentibus.
1157 1823 1198 1857 Et
1222 1833 1396 1857 excausa
1432 1824 1534 1857 huius
1569 1825 1738 1866 presentis
1775 1825 1988 1858 vendicionis
2013 1828 2045 1858 et

218 1886 418 1919 tradicionis
442 1886 556 1920 dictus
580 1886 739 1920 dominus
764 1886 883 1920 Abbas
907 1888 939 1919 et
964 1884 1129 1920 Canonici
1154 1887 1332 1919 cesserunt
1356 1887 1389 1919 et
1413 1886 1528 1919 datum
1554 1887 1636 1919 iuris
1660 1886 1813 1920 fecerunt
1849 1887 1958 1920 eidem
1984 1887 2046 1920 do-

212 1948 315 1981 ‘mino
337 1948 444 1982 Fratri
470 1947 664 1989 Guillelmo,
690 1949 865 1991 recipienti
890 1951 923 1982 et
947 1949 1123 1991 stipulanti
1148 1949 1283 1981 nomine
1308 1949 1388 1982 dicti
1414 1948 1565 1989 Ordinis,
1590 1949 1632 1982 de
1657 1950 1818 1982 omnibus
1842 1951 1875 1982 et
1899 1950 2044 1992 singulis

212 2010 352 2044 iuribus
375 2012 408 2044 et
422 2011 624 2045 *actionibus
649 2011 798 2044 realibus
822 2013 855 2044 et
878 2011 1130 2053 personalibus,
1155 2011 1296 2043 utilibus
1320 2012 1353 2043 et
1377 2011 1526 2050 directis,
1551 2020 1640 2052 quos
1654 2013 1686 2044 et
1703 2020 1769 2053 que
1787 2011 1867 2044 dicti
1886 2012 2045 2044 dominus

211 2072 340 2108 Abbas
365 2075 398 2106 et
421 2071 598 2113 Canonici,
623 2083 740 2107 eorum
765 2076 797 2107 et
821 2074 902 2107 dicti
927 2074 1123 2107 monasterii
1148 2074 1295 2113 nomine,
1320 2075 1352 2106 et
1377 2074 1489 2115 ipsum
1515 2074 1756 2107 monasterium
1782 2074 1908 2107 habent
1936 2077 1968 2107 et
1986 2074 2045 2107 ha—

208 2135 348 2170 *habant
370 2137 404 2169 et
426 2135 470 2169 ad
495 2144 557 2168 eos
582 2135 674 2169 dicto
698 2136 834 2169 nomine
859 2138 892 2169 et
915 2136 959 2169 ad
984 2136 1111 2169 dictum
1137 2136 1378 2168 monasterium
1403 2136 1606 2178 spectabant
1630 2138 1663 2169 et
1686 2138 1843 2177 spectare
1878 2138 1911 2169 et
1943 2137 2046 2178 perti-

218 2205 300 2231 nere
323 2199 479 2239 poterant
503 2199 536 2230 et
558 2199 702 2239 possent
725 2197 828 2231 modo
851 2197 978 2240 aliquo,
1003 2198 1192 2231 occaxione
1217 2197 1271 2230 vel
1295 2198 1378 2238 iure,
1403 2198 1436 2230 in
1460 2198 1625 2240 predictis
1660 2198 1820 2238 venditis,
1855 2198 1987 2231 traditis
2012 2200 2045 2231 et

219 2259 320 2299 datis,
345 2261 378 2292 et
402 2268 524 2293 versus
549 2268 785 2302 quoscumque
809 2261 966 2293 tenentes
989 2262 1022 2293 et
1045 2260 1266 2302 possidentes
1301 2260 1490 2293 occaxione
1526 2269 1753 2302 quacumque.
1794 2259 1835 2293 Et
1860 2260 1936 2293 inde
1962 2261 2042 2293 dicti

221 2321 380 2354 dominus
404 2320 524 2362 Abbas
547 2323 580 2354 et
604 2320 781 2362 Canonici,
805 2331 870 2355 suo
894 2323 927 2355 et
951 2322 1086 2355 nomine
1111 2322 1192 2355 dicti
1217 2323 1423 2362 monasterii,
1460 2322 1572 2364 ipsum
1609 2322 1735 2355 dictum
1773 2321 1919 2355 Fratrem
1945 2321 2042 2355 Ouil-

221 2382 356 2416 lelmum
381 2382 542 2423 Priorem,
568 2385 603 2416 ut
627 2392 731 2425 supra
763 2384 981 2425 recipientem
1006 2386 1039 2417 et
1063 2384 1282 2426 stipulantem
1319 2385 1453 2417 nomine
1490 2384 1600 2426 ipsius
1638 2383 1788 2423 Ordinis,
1814 2385 1846 2416 in
1871 2393 1986 2417 eorum
2012 2387 2044 2417 et

221 2445 302 2478 dicti
327 2446 522 2478 monasterii
558 2445 669 2478 locum
706 2448 913 2488 possuerunt
937 2446 979 2479 de
1005 2447 1179 2488 predictis,
1214 2446 1379 2480 facientes
1404 2449 1437 2480 et
1461 2447 1707 2479 constituentes
1733 2447 1844 2488 ipsum
1870 2447 2043 2479 dominum

224 2507 371 2541 Fratrem
397 2506 627 2548 Guillelmum,
664 2508 755 2541 dicto
780 2509 926 2548 nomine,
962 2511 1215 2551 procuratorem
1251 2511 1284 2542 et
1319 2509 1493 2542 dominum
1519 2509 1551 2541 in
1578 2518 1646 2542 rem
1683 2518 1789 2542 suam.
1816 2507 1987 2542 Cedentes
2012 2511 2044 2542 et

222 2569 343 2603 dantes
367 2570 477 2603 eidem
502 2570 641 2603 domino
665 2570 769 2603 Fratri
794 2569 987 2611 Guillelmo,
1012 2571 1104 2604 dicto
1129 2572 1275 2611 nomine,
1300 2572 1412 2604 omnia
1438 2581 1553 2604 eorum
1579 2574 1611 2604 et
1635 2572 1715 2604 dicti
1741 2571 1935 2604 monasterii
1961 2572 2043 2611 iura,

222 2641 289 2675 que
314 2633 403 2666 idem
427 2633 587 2666 dominus
612 2632 731 2666 Abbas
755 2635 788 2666 et
812 2631 989 2674 Canonici,
1025 2634 1117 2667 dicto
1153 2635 1288 2667 nomine
1324 2636 1357 2667 et
1389 2635 1501 2676 ipsum
1538 2634 1779 2667 monasterium
1816 2634 1987 2667 habebant
2012 2636 2044 2667 et

223 2695 349 2729 habent
385 2695 418 2728 in
454 2695 618 2737 predictis
653 2696 813 2738 superius
852 2696 1011 2736 venditis,
1050 2697 1200 2737 traditis,
1240 2699 1272 2730 et
1309 2697 1433 2736 cessis,
1474 2697 1661 2729 occaxione
1701 2705 1927 2738 quacumque.
1968 2695 2043 2735 Que

223 2757 360 2799 quidem
384 2758 497 2791 omnia
521 2759 554 2791 et
577 2757 712 2800 singula
736 2758 896 2800 superius
920 2759 1068 2799 vendita,
1101 2759 1222 2792 tradita
1247 2761 1279 2792 et
1303 2767 1413 2798 cessa,
1450 2759 1530 2792 dicti
1571 2759 1730 2791 dominus
1762 2758 1881 2791 Abbas
1913 2761 1945 2792 et
1978 2757 2045 2792 Ca-

224 2819 336 2853 nonici
361 2809 607 2853 constituerunt
631 2829 708 2853 sese
734 2829 777 2853 ex
803 2829 891 2853 nunc
917 2822 1041 2860 tenere,
1067 2821 1246 2863 possidere
1271 2823 1303 2854 et
1327 2822 1437 2863 quasi,
1463 2821 1617 2862 precario
1642 2821 1776 2854 nomine
1801 2821 1881 2854 dicti
1915 2821 2043 2854 domini

225 2880 349 2915 Fratris
373 2880 555 2922 Guillelmi,
580 2882 672 2915 dicto
697 2883 843 2922 nomine,
868 2884 900 2915 et
914 2882 1064 2916 Fratrum
1091 2883 1200 2925 ipsius
1225 2881 1365 2916 Ordinis
1391 2882 1645 2923 Heremitarum,
1671 2891 1851 2925 quousque
1877 2883 1965 2916 idem
1983 2884 2044 2916 do-

281 3039 312 3065 (1)
327 3039 344 3061 ll
358 3039 440 3062 florino
455 3039 522 3062 d'oro
536 3041 559 3062 in
574 3042 659 3068 questo
673 3041 762 3067 tempo,
784 3040 820 3062 del
842 3040 910 3062 titolo
925 3040 948 3062 di
969 3040 1027 3067 imo,
1042 3046 1055 3062 e
1069 3040 1106 3062 del
1162 3040 1210 3062 lore
1225 3040 1357 3067 quadruplo
1372 3040 1432 3062 della
1447 3041 1540 3062 moneta
1555 3040 1652 3062 d'allora
1666 3040 1689 3062 ln
1704 3040 1826 3063 contronto
1841 3041 1885 3063 alla
1896 3042 1984 3063 nostra.
1997 3041 2040 3063 Per

229 3087 288 3110 peso
301 3083 324 3105 dl
338 3084 435 3111 gramm!
448 3084 470 3111 3,
483 3084 532 3111 519,
547 3084 729 3111 eonispondeva
743 3090 757 3106 a
772 3086 852 3107 nostre
866 3085 960 3107 italiane
982 3084 1006 3106 L.
1024 3084 1104 3111 1212:
1159 3089 1322 3111 conseguenza
1335 3084 1366 3112 gll
1381 3084 1506 3107 Eremitanl
1521 3085 1664 3107 sborsarono
1681 3091 1722 3112 per
1742 3087 1826 3112 questa
1848 3091 1957 3112 competa
1980 3086 2039 3107 circa

228 3127 271 3150 che
285 3127 342 3155 pero
356 3128 453 3156 bisogna
467 3130 603 3151 aumentare
617 3130 713 3156 quattro
727 3129 798 3156 volte,
813 3131 886 3151 avuto
908 3129 1017 3156 riguardo
1030 3129 1053 3150 al
1067 3134 1106 3151 va·
1161 3129 1184 3150 L.
1200 3128 1274 3151 50000:
1289 3134 1360 3156 grave
1374 3129 1497 3156 sacrificio,
1513 3135 1550 3151 ma
1565 3129 1686 3152 volentieri
1702 3131 1833 3152 sostenuto.
