2496 3600
1998 261 2042 294 ⁷9

998 490 1255 535 XXXVI.

306 599 414 629 Frate
437 598 558 629 pietro
581 598 628 628 da
651 598 814 636 Bologna
849 607 1016 637 competa
1040 599 1100 629 dai
1123 599 1294 630 Canonici
1329 600 1541 630 Later-anesi
1564 609 1611 630 un
1636 600 1773 631 sedime
1809 610 1876 631 eon
1912 601 2043 632 edificii

218 651 277 692 pet
299 651 482 683 convento
505 651 543 682 di
566 651 603 682 s.
628 651 816 690 Agostino.

873 766 1031 799 1:343,
1058 753 1261 799 apiae,
1288 767 1366 793 ιδ.

702 852 821 879 (Archlvio
835 853 859 876 di
872 852 950 881 State.
965 853 1054 876 milano
1067 865 1095 869 —
1109 853 1215 882 Pergam.
1231 853 1255 876 S.
1271 853 1350 876 Pietro
1363 854 1388 876 in
1402 854 1451 877 ciel
1466 854 1552 880 d'oro).

287 1037 406 1156 Α
463 1055 543 1084 ΝΝΟ
567 1059 588 1083 a
611 1051 787 1084 nativitate
812 1049 949 1084 Domini
975 1050 1156 1084 millesimo
1180 1043 1420 1085 trecentesimo
1445 1052 1708 1095 quadragesimo
1733 1054 1848 1093 tercio,
1874 1053 2046 1087 indicione

487 1113 677 1153 undecima,
713 1113 768 1146 die
806 1114 922 1146 martis
947 1113 1202 1155 quintodecimo
1226 1115 1355 1148 mensis
1379 1115 1508 1156 aprilis,
1534 1115 1616 1148 hora
1641 1117 1749 1156 sexte,
1775 1116 1808 1148 in
1833 1116 2046 1149 Monasterio

487 1174 601 1209 Sancti
626 1174 716 1208 Petri
742 1175 774 1207 in
800 1174 887 1208 cello
911 1184 1016 1208 aureo
1039 1176 1227 1218 papiensis,
1264 1177 1424 1210 dominus
1460 1177 1575 1210 Frater
1599 1177 1780 1219 Philippus
1813 1177 1931 1211 Abbas
1964 1178 2044 1211 dicti

221 1237 425 1277 monasterii,
449 1237 677 1279 presentibus,
702 1237 897 1270 volentibus
921 1239 954 1270 et
978 1237 1008 1270 ei
1034 1238 1334 1271 consencientibus
1359 1239 1392 1271 in
1418 1239 1578 1272 omnibus
1603 1241 1636 1272 et
1652 1239 1797 1282 singulis
1822 1239 2046 1282 infrascriptis

221 1298 320 1335 fratre
343 1298 455 1339 Cario,
479 1299 580 1332 fratre
605 1297 766 1341 Georgio,
790 1298 890 1332 fratre
915 1299 1097 1339 Michaele,
1121 1299 1222 1332 fratre
1247 1299 1442 1342 Apollonio,
1474 1300 1575 1334 fratre
1601 1299 1774 1344 Georgino
1799 1304 1831 1334 et
1855 1302 1954 1335 fratre
1980 1301 2047 1336 Ro-

221 1362 349 1406 glerino
373 1361 545 1394 Fratribus
569 1362 602 1394 et
626 1359 811 1394 Canonicis
835 1361 916 1394 dicti
942 1362 1148 1402 monasterii,
1173 1362 1299 1395 ibidem
1324 1363 1366 1395 de
1392 1363 1551 1395 mandato
1569 1363 1649 1396 dicti
1675 1363 1802 1396 domini
1834 1363 1978 1396 Abbatis
2003 1364 2046 1397 ad

221 1423 414 1469 Capitulum
439 1433 531 1457 more
556 1423 657 1457 solito
682 1424 902 1459 convocatis:
928 1423 968 1456 Et
993 1424 1059 1466 ipsi
1083 1423 1214 1464 fratres,
1239 1425 1297 1466 qui
1323 1427 1402 1458 sunt
1426 1434 1546 1458 omnes
1570 1425 1691 1459 fratres
1716 1426 1826 1468 ipsius
1851 1427 2045 1459 monasterii

131 1481 166 1538 *A*
221 1485 265 1521 ad
289 1494 430 1529 presens
455 1486 488 1518 in
513 1486 605 1518 dicto
629 1486 836 1518 monasterio
861 1485 1060 1525 residentes,
1079 1494 1146 1518 una
1163 1495 1240 1518 cum
1265 1486 1358 1519 dicto
1375 1487 1514 1519 domino
1532 1486 1665 1520 Abbate
1680 1489 1806 1520 etcum
1832 1488 1906 1520 eius
1931 1490 2049 1520 aucto-

222 1549 328 1588 ritate,
353 1548 488 1581 nomine
513 1547 594 1580 dicti
620 1548 827 1588 monasterii,
852 1549 1037 1590 sequentes
1063 1548 1259 1581 mandatum
1284 1549 1512 1590 apostolicum
1548 1549 1658 1582 felicis
1695 1550 1948 1582 recordacionis
1985 1550 2047 1582 do-

222 1611 302 1645 mini
326 1610 484 1644 Iohannis
508 1612 588 1643 tunc
613 1610 730 1643 divina
754 1610 977 1652 providencia
1001 1611 1124 1643 summi
1149 1611 1332 1653 pontificis,
1357 1613 1551 1653 presentem
1569 1612 1807 1645 vendicionem
1826 1614 1859 1645 et
1876 1613 1989 1645 omnia
2013 1614 2046 1645 et

223 1673 356 1716 singula
380 1672 594 1714 infrascripta
617 1672 764 1705 faciendi
788 1672 949 1706 fratribus
974 1672 1199 1715 infrascriptis
1223 1675 1324 1715 prout
1348 1674 1381 1706 in
1407 1673 1526 1707 litteris
1562 1673 1682 1715 prefati
1719 1674 1846 1706 domini
1873 1673 1966 1716 Pape
2003 1675 2049 1707 si-

222 1734 292 1778 gilli
316 1734 466 1777 pomblei
490 1743 583 1767 more
607 1734 735 1776 papalli
760 1735 972 1776 appensione
998 1735 1147 1775 munitis,
1172 1735 1262 1768 datis
1286 1735 1455 1768 Avinione
1487 1736 1730 1769 terciodecimo
1755 1735 1975 1769 kalendarum
2000 1736 2050 1769 fe-

222 1797 346 1831 bruarii
370 1797 588 1839 pontificatus
612 1796 767 1830 eiusdem
792 1797 919 1829 domini
946 1796 1039 1839 Pape
1064 1806 1154 1830 anno
1179 1797 1371 1838 undecimo,
1396 1798 1651 1831 ordinacionem
1671 1798 1781 1840 ipsius
1806 1798 1934 1831 domini
1953 1797 2047 1840 Pape

222 1867 284 1903 per
306 1868 407 1901 quam
433 1859 566 1892 Fratres
591 1858 731 1892 Ordinis
757 1859 1002 1892 Heremitarum
1028 1857 1142 1892 Sancti
1168 1859 1350 1902 Augustini
1376 1847 1503 1902 quibus
1528 1861 1634 1902 presit
1659 1860 1755 1893 Prior
1779 1860 1968 1893 secundum
1987 1861 2049 1893 ob-

125 1912 167 1971 ss‘ijf
191 1968 194 1974 A
223 1921 434 1957 servanciam
459 1921 570 1963 ipsius
594 1919 734 1954 Ordinis
759 1921 854 1954 iuxta
879 1921 1060 1954 ecclesiam
1078 1921 1158 1954 dicti
1177 1922 1372 1955 monasterii
1390 1921 1505 1955 Sancti
1531 1921 1631 1962 Petri,
1659 1922 1716 1955 ubi
1740 1931 1866 1964 corpus
1892 1923 2046 1955 eiusdem

223 1982 312 2018 beati
337 1982 517 2026 Augustini
543 1983 690 2016 ressidet
713 1983 936 2025 solempniter
959 1983 1184 2024 tumullatum,
1221 1984 1347 2017 debent
1383 1985 1558 2026 perpetuis
1582 1985 1795 2026 temporibus
1820 1985 1983 2024 habitare,
2008 1994 2047 2017 ac

222 2045 358 2079 modum
382 2045 572 2079 secundum
608 2054 709 2087 quem
746 2045 913 2079 dictorum
950 2045 1101 2078 Fratrum
1139 2045 1385 2079 Heremitarum
1422 2046 1586 2079 habitatio
1610 2048 1826 2079 construatur
1850 2048 1883 2079 et
1906 2046 2047 2079 formam

221 2107 375 2142 eiusdem
398 2109 432 2141 et
455 2107 582 2141 decreti
606 2108 709 2141 fiendi
735 2108 973 2141 vendicionem
998 2108 1040 2141 de
1066 2108 1166 2142 bonis
1190 2108 1271 2141 dicti
1305 2109 1500 2142 monasterii
1527 2109 1700 2142 Fratribus
1736 2109 1917 2142 antedictis
1942 2110 2050 2141 conti-

222 2170 391 2210 nentibus,
415 2170 541 2204 clarius
565 2172 598 2204 et
622 2171 788 2204 seriosius
812 2171 1013 2210 continetur,
1038 2170 1262 2213 volentesque
1288 2171 1447 2204 mandata
1483 2171 1673 2213 apostolica
1706 2173 1898 2204 reverenter
1922 2172 2047 2213 exequi

223 2233 259 2266 ut
281 2234 446 2272 tenentur,
470 2241 547 2265 cum
572 2233 739 2266 instancia
763 2233 920 2274 primitus
945 2233 1097 2274 requisiti
1123 2233 1166 2266 ab
1192 2233 1408 2275 infrascripto
1431 2233 1532 2266 fratre
1557 2233 1658 2267 Petro
1675 2243 1737 2275 pro
1755 2234 1870 2275 precio
1889 2234 2048 2266 librarum

222 2294 508 2338 quinquecentum
526 2295 741 2337 papiensium
759 2292 821 2336 (1),
835 2295 1062 2328 vendiderunt
1085 2295 1177 2329 fratri
1202 2295 1304 2330 Petro
1328 2296 1371 2329 de
1395 2295 1551 2330 Bononia
1568 2297 1742 2338 recipienti
1761 2298 1794 2329 et
1810 2296 1997 2338 acquirenti
2016 2298 2048 2329 et

222 2356 395 2400 stipulanti
430 2357 544 2391 omnia
579 2359 612 2390 et
647 2357 781 2400 singula
817 2357 1032 2399 infrascripta
1067 2357 1204 2390 nomine
1228 2359 1261 2391 et
1285 2359 1360 2391 vice
1385 2360 1576 2391 conventus
1613 2358 1763 2391 Fratrum
1802 2358 2046 2390 Heremitarum

222 2416 336 2454 Sancti
361 2418 542 2462 Augustini
566 2419 684 2462 Papie,
708 2419 843 2453 tabulas
879 2420 1133 2462 vigintiseptem
1158 2421 1191 2453 et
1215 2420 1389 2453 dimidiam
1426 2420 1604 2453 sediminis
1640 2420 1742 2462 positi
1779 2422 1811 2452 et
1837 2420 1978 2452 iacentis
2014 2420 2047 2452 in

222 2478 328 2524 Papia
363 2482 397 2515 in
421 2483 518 2524 porta
554 2482 710 2515 laudensi
735 2482 768 2514 in
793 2482 956 2524 parochia
987 2481 1103 2516 Sancti
1128 2482 1206 2523 Viti,
1232 2492 1308 2516 cum
1345 2483 1506 2516 omnibus
1542 2483 1702 2515 domibus
1727 2484 1759 2515 et
1783 2482 1951 2515 hedificiis
1975 2482 2049 2515 exi-

221 2544 390 2578 stentibus
414 2553 518 2586 super
542 2544 634 2577 dicto
659 2544 836 2584 sedimine,
861 2545 915 2577 cui
941 2545 1102 2578 coherent
1126 2553 1146 2578 a
1171 2554 1268 2578 mane
1294 2545 1340 2577 illi
1366 2545 1408 2578 de
1433 2545 1594 2578 Zachono
1612 2545 1645 2577 in
1663 2546 1757 2586 parte
1776 2546 1808 2577 et
1826 2545 1858 2576 in
1884 2545 1978 2585 parte
2000 2543 2046 2576 illi

221 2605 264 2639 de
289 2605 463 2646 Tebaldis,
487 2615 507 2639 a
531 2606 670 2639 meridie
696 2604 877 2639 Carbonus
895 2605 1090 2646 Buschalia,
1113 2615 1132 2639 a
1157 2615 1301 2648 vespere
1327 2607 1408 2639 dicti
1434 2606 1566 2639 Fratres
1585 2606 1828 2638 Heremitarum
1854 2607 1886 2638 et
1911 2614 1930 2638 a
1955 2605 2047 2638 nulla

214 2667 303 2702 -hora
326 2668 407 2702 dicti
432 2667 566 2702 Fratres
591 2668 836 2702 Heremitarum
872 2668 1020 2710 quadam
1057 2669 1113 2701 via
1152 2669 1333 2708 mediante,
1359 2669 1433 2701 sive
1459 2669 1504 2701 ibi
1530 2668 1594 2701 alie
1620 2668 1687 2700 sint
1711 2668 1921 2700 coherencie.
1959 2666 2045 2701 Cum

222 2729 286 2764 hoc
309 2732 422 2773 pacto¹
445 2732 562 2764 tenore
586 2732 619 2764 et
643 2730 846 2764 condicione
871 2730 964 2772 quod
990 2731 1071 2764 dicti
1095 2730 1216 2764 fratres
1241 2731 1321 2764 dicti
1347 2732 1538 2764 conventus
1564 2729 1703 2763 Ordinis
1729 2729 1973 2762 Heremitarum
1999 2731 2048 2763 te-

225 2794 366 2826 neantur
389 2794 422 2826 et
445 2793 593 2827 debeant
618 2793 698 2826 dare
724 2794 756 2826 et
780 2792 922 2826 reddere
946 2794 978 2826 et
1003 2792 1136 2826 solvere
1172 2793 1287 2826 fictum
1313 2794 1346 2826 et
1370 2793 1505 2825 nomine
1541 2792 1609 2825 ficti
1635 2792 1677 2824 de
1702 2792 1856 2834 predicto
1881 2792 2047 2825 sedimine

221 2853 312 2888 dicto
336 2855 542 2888 monasterio
565 2853 680 2889 Sancti
706 2854 807 2894 Petri,
832 2854 923 2887 omni
948 2863 1048 2894 anno,
1073 2854 1192 2888 soldos
1217 2856 1363 2906 quatuor
1387 2856 1420 2887 et
1444 2854 1603 2887 denarios
1628 2855 1758 2896 septem
1785 2854 1980 2896 papienses.
2006 2854 2047 2887 Et

278 3009 310 3038 (l)
323 3010 402 3038 Come,
408 3011 491 3034 nauita
500 3012 596 3035 ·almeno
610 3012 798 3034 indirettamente
817 3011 846 3034 da
862 3011 940 3039 quest·
946 3012 997 3034 atto
1012 3011 1034 3033 dl
1045 3016 1108 3034 eom·
1160 3011 1202 3033 lire
1216 3011 1242 3033 it.
1256 3011 1339 3033 mmo.
1355 3011 1371 3032 ll
1386 3015 1457 3033 censo
1470 3016 1557 3038 annuo,
1572 3011 1615 3033 che
1628 3010 1659 3039 gli
1673 3010 1818 3038 Agosuniani
1833 3011 1852 3033 sl
1867 3011 2014 3034 sobbarcano
2028 3017 2043 3034 a

226 3058 292 3083 pen,
305 3055 328 3078 Ιο
341 3055 452 3084 πΠιφρο
465 3056 489 3079 di
503 3055 527 3079 S.
541 3056 657 3084 Agosflm
670 3056 690 3079 sl
704 3051 797 3082 faceva‘
809 3061 903 3083 sempre
923 3055 963 3083 pin
987 3055 1106 3080 notevole.
1160 3060 1247 3082 pagare
1261 3055 1284 3077 in
1298 3054 1359 3077 sold!
1373 3055 1455 3082 pavesi
1469 3055 1483 3077 4
1496 3060 1509 3077 e
1524 3055 1603 3077 denari
1617 3055 1639 3083 ⁷,
1653 3055 1667 3077 ὲ
1681 3055 1731 3082 pari
1745 3060 1760 3077 a
1774 3055 1835 3078 circa
1850 3055 1874 3077 l..
1890 3055 1911 3078 3.
1926 3055 1943 3077 ll
1953 3055 2043 3078 sedlme
2086 3048 2092 3052 ”

227 3097 244 3121 ΙΙ
257 3103 343 3126 vrato
356 3099 494 3128 d'aequlsto
507 3100 592 3124 nuato
606 3101 630 3123 in
643 3101 685 3124 lire
699 3101 780 3128 paves}
794 3100 836 3124 500
849 3099 1001 3128 corrisponde
1015 3105 1029 3122 a
1044 3100 1105 3122 circa
1160 3099 1297 3127 comperato
1311 3098 1334 3121 di
1348 3099 1427 3122 tavole
1440 3099 1467 3121 21
1478 3099 1520 3127 112,
1534 3099 1642 3127 equivale
1656 3104 1670 3121 a
1684 3099 1746 3122 circa
1761 3105 1808 3127 mq.
1822 3099 1870 3122 em.
