2496 3600
469 246 535 280 208

468 378 564 420 pacis
590 381 622 412 et
647 379 829 412 concordie
854 379 965 412 visum
989 369 1089 412 fuerit
1113 379 1285 420 expedire.
1313 378 1346 410 ln
1372 386 1516 419 quorum
1545 378 1695 411 omnium
1720 379 1753 411 et
1777 377 1987 420 singulorum
2013 378 2113 411 fidem
2138 379 2171 411 et
2194 377 2289 413 testi-

468 442 616 474 monium
643 443 818 483 presentes
843 441 967 482 literas,
992 450 1052 475 seu
1079 450 1221 483 presens
1246 441 1419 483 publicum
1445 441 1715 479 instrumentum,
1743 440 1938 473 huiusmodi
1965 442 2114 474 nostram
2138 439 2290 475 diffiniti·
2320 427 2370 482 f*-

468 513 544 537 vam
562 506 594 537 et
619 504 811 538 arbitralem
837 505 1050 543 sententiam,
1069 504 1218 543 laudum,
1235 503 1408 536 arbitrium
1434 511 1495 536 seu
1520 502 1795 536 arbitramentum
1818 502 1850 535 in
1868 510 1906 536 se
1923 502 2147 543 continentes,
2163 502 2291 539 exinde
2332 491 2371 542 ξ

467 567 538 600 fieri
555 569 587 600 et
604 576 664 608 per
688 566 826 600 Nerium
853 567 1027 599 Notarium
1046 566 1221 608 publicum
1247 568 1468 608 nostrumque
1485 567 1517 598 et
1534 573 1637 598 cause
1663 565 1857 598 huiusmodi
1874 573 1986 598 coram
2016 565 2116 598 nobis
2140 565 2292 600 scribam

468 629 728 671 infrascriptum,
754 639 813 671 per
837 638 900 662 nos
925 629 966 662 de
992 628 1168 671 premissis
1193 630 1358 671 rogatum,
1383 628 1555 661 subscribi
1580 630 1613 661 et
1638 627 1802 670 publicari
1841 627 2089 667 mandavimus,
2111 627 2286 670 nostrique

467 692 568 734 sigilli
596 692 760 725 iussimus
784 692 997 733 appensione
1022 691 1142 724 muniri
1167 688 1229 732 (1).
1256 690 1366 730 Lecta,
1391 690 1469 730 lata,
1489 690 1568 724 data
1593 692 1625 723 et
1650 690 1682 723 in
1708 690 1846 732 scriptis
1870 689 2113 723 sententialiter
2137 698 2290 732 pronun-⁴
2336 678 2363 740 ξ

469 756 548 788 tiata
575 755 637 787 fuit
663 756 723 787 hec
750 756 863 786 nostra
889 754 1070 786 diffinitiva
1095 755 1127 786 et
1152 753 1322 786 arbitralis
1346 753 1524 793 sententia,
1542 755 1573 786 et
1599 753 1663 786 hoc
1687 752 1873 791 arbitrium,
1899 752 2036 785 laudum
2061 760 2121 785 seu
2146 752 2288 786 arbitra-
2337 763 2345 788 ξ

468 821 615 850 mentum
642 826 701 859 per
726 826 790 849 nos
807 814 1007 850 Cosmatum
1033 814 1248 850 Cardinalem
1274 817 1448 856 arbitrum,
1465 816 1710 855 arbitratorem,
1726 815 1939 849 amicabilem
1964 816 2229 857 compositorem
2253 816 2288 849 et

465 881 610 913 amicum
636 888 848 913 communem
875 879 1076 920 predictum,
1102 878 1206 914 Rome
1232 880 1264 912 in
1291 879 1441 921 hospitio
1458 879 1678 912 habitationis
1703 880 1817 912 nostre
1841 887 1947 920 prope
1973 877 2007 912 S.
2033 877 2180 918 Petrum,
2205 878 2288 912 hora
2345 898 2350 900 ν

469 943 707 984 Vesperarum,
726 942 826 974 nobis
853 942 884 974 in
910 951 1042 975 camera
1067 942 1253 984 paramenti
1279 943 1311 974 et
1336 942 1408 974 iura
1432 941 1607 974 reddenda
1633 941 1664 973 in
1690 941 1767 974 loco
1791 942 1908 974 nostro
1931 941 2033 974 solito
2050 949 2112 983 pro
2136 940 2292 979 tribuna-A
2324 939 2339 965 ²?

466 1006 486 1038 li
512 1006 724 1044 sedentibus,
750 1005 815 1038 sub
840 1013 930 1038 anno
955 1014 974 1037 a
999 1004 1184 1038 Nativitate
1217 1003 1353 1037 Domini
1386 1004 1480 1043 1396,
1507 1003 1692 1037 lndictione
1725 1005 1856 1045 quarta,
1881 1003 1936 1036 die
1969 1003 2142 1043 Mercurii,
2166 1004 2292 1037 octavo
2314 997 2349 1041 ’ἶὲ

466 1069 593 1101 mensis
619 1068 743 1107 Martii,
770 1067 992 1100 Pontificatus
1017 1066 1069 1101 Ss.
1095 1068 1128 1100 in
1154 1066 1291 1101 Christo
1316 1066 1427 1100 Patris
1451 1068 1484 1100 et
1509 1065 1644 1100 Domini
1677 1066 1791 1100 Nostri
1818 1065 1859 1099 D.
1885 1065 2051 1099 Bonifacii
2069 1065 2194 1099 Divina
2212 1074 2299 1108 pro-³2

467 1132 617 1163 videntia
644 1130 736 1172 Pape
762 1130 862 1170 Noni,
888 1139 977 1163 anno
1002 1131 1158 1172 septimo,
1184 1130 1400 1172 presentibus
1433 1130 1559 1163 ibidem
1577 1129 1786 1162 honorandis
1810 1131 1842 1162 et
1866 1129 2024 1162 discretis
2041 1129 2123 1162 viris
2141 1128 2294 1162 iohanne,
2332 1120 2351 1167 ’;

466 1195 508 1226 de
534 1192 706 1233 Seruanis,
725 1195 757 1226 et
782 1193 951 1235 Magistro
977 1193 1100 1226 Iacobo
1117 1193 1160 1226 de
1178 1191 1353 1235 Subinago
1378 1195 1612 1234 procuratore:
1638 1192 1800 1234 predictis
1824 1192 2068 1234 procuratoriis
2091 1191 2289 1225 nominibus
2310 1178 2361 1234 ’ἐξ

469 1257 596 1298 quibus
621 1265 725 1298 supra
751 1257 873 1295 citatis,
898 1258 930 1289 et
956 1265 1164 1298 unoquoque
1190 1256 1342 1298 ipsorum
1368 1256 1503 1288 nomine
1528 1256 1633 1297 partis
1658 1263 1719 1288 sue
1745 1255 1857 1295 citato,
1874 1255 1917 1288 de
1939 1255 2044 1288 nostri
2069 1255 2230 1288 mandato
2246 1253 2295 1289 ad
2328 1248 2354 1294 ”ss

469 1319 674 1352 audiendam
701 1319 895 1351 huiusmodi
922 1321 1070 1352 nostram
1096 1319 1310 1351 diffinitivam
1342 1319 1543 1352 sententiam
1576 1318 1818 1360 supradictam,
1843 1318 1901 1360 qui
1927 1319 2088 1361 magister
2120 1317 2294 1356 lohannes,
2331 1306 2350 1321 ³

468 1383 701 1425 procuratorio
727 1382 872 1422 nomine,
898 1391 967 1423 quo
992 1390 1107 1423 supra,
1132 1382 1227 1423 petiit
1251 1382 1294 1414 de
1318 1382 1408 1414 dicta
1433 1382 1601 1415 sententia
1626 1382 1659 1414 in
1685 1383 1848 1423 quantum
1873 1381 1999 1414 faceret
2028 1389 2090 1424 pro
2114 1383 2210 1423 parte
2227 1389 2315 1416 sua*
2370 1399 2372 1402 >

468 1445 643 1487 publicum
677 1446 954 1477 instrumentum:
979 1453 1018 1477 ac
1044 1445 1261 1486 presentibus
1294 1443 1504 1478 Reverendis
1529 1444 1562 1476 in
1587 1442 1725 1477 Christo
1756 1443 1916 1476 Patribus
1941 1442 2098 1476 Dominis
2115 1442 2288 1477 Ubaldino
2334 1442 2359 1468 Ψ

467 1508 529 1541 Dei
555 1507 672 1541 Gratia
698 1507 970 1549 Archiepiscopo
995 1507 1187 1547 Turritano‚
1213 1506 1360 1540 Domino
1385 1506 1578 1549 Augustino
1603 1506 1778 1549 Episcopo
1806 1506 1983 1545 Perusino,
2013 1505 2160 1539 Domino
2184 1505 2294 1540 Anto-

470 1572 525 1603 nio
551 1571 725 1612 Episcopo
750 1570 919 1603 Pennensi
945 1572 977 1603 et
1002 1569 1172 1609 Adriensi,
1197 1568 1344 1603 Domino
1370 1569 1552 1603 Francisco
1577 1569 1751 1611 Episcopo
1775 1569 1920 1608 Nolano,
1937 1571 1969 1602 et
1990 1567 2138 1602 Domino
2162 1567 2289 1603 Sancto

469 1635 501 1666 et
526 1633 703 1666 Banadato
720 1632 853 1666 Abbate
879 1633 1074 1665 monasterii
1100 1630 1133 1665 S.
1151 1631 1248 1665 Pauli
1273 1634 1369 1665 extra
1394 1633 1522 1672 urbem,
1538 1640 1578 1665 ac
1603 1631 1858 1666 venerabilibus
1874 1634 1907 1664 et
1924 1632 2184 1674 circumspectis
2208 1631 2294 1665 viris
2337 1629 2356 1683 ξ

470 1695 627 1729 Dominis
653 1695 819 1730 Riccardo
853 1694 957 1737 longh
982 1697 1015 1728 et
1040 1694 1163 1728 loanne
1189 1694 1293 1728 Piene
1318 1695 1405 1728 sacri
1430 1693 1550 1728 Palatii
1576 1694 1766 1737 Apostolici
1793 1694 2016 1728 Auditoribus
2041 1703 2171 1728 necnon
2196 1702 2290 1738 egre-
2342 1723 2344 1725 ,

472 1759 538 1801 giis
564 1759 645 1791 viris
682 1757 829 1791 Domino
863 1757 1018 1792 Rolando
1042 1758 1085 1790 de
1114 1756 1284 1791 Cremona
1309 1757 1330 1790 1.
1357 1757 1398 1791 U.
1423 1756 1464 1790 D.
1489 1760 1523 1791 et
1547 1757 1717 1791 Vannutio
1741 1758 1784 1792 de
1809 1755 1977 1791 Cremona
2008 1756 2191 1791 domicello
2218 1756 2296 1790 illu·-

473 1822 552 1854 stris
578 1821 747 1863 Principis
772 1823 804 1854 et
829 1820 959 1853 excelsi
985 1819 1121 1853 Domini
1147 1819 1283 1853 Domini
1316 1819 1423 1854 Ducis
1455 1820 1642 1854 Mediolani
1667 1822 1730 1854 etc.
1755 1820 1959 1860 oratoribus,
1984 1829 2024 1854 ac
2047 1820 2197 1854 discreto
2221 1821 2297 1858 viro

474 1884 641 1927 Magistro
666 1884 809 1916 Nicolao
834 1883 963 1916 Lubich
982 1884 1015 1916 in
1033 1882 1184 1918 Romana
1202 1881 1304 1917 Curia
1329 1885 1560 1926 procuratore,
1577 1885 1610 1917 et
1626 1884 1783 1926 pluribus
1800 1884 1876 1918 aliis
1901 1884 2047 1917 testibus
2063 1883 2107 1917 ad
2124 1883 2292 1926 premissa

474 1947 616 1986 vocatis,
643 1947 768 1979 habitis
793 1948 825 1979 et
850 1946 988 1988 rogatis.

564 2009 603 2042 Et
628 2018 693 2051 ego
719 2008 844 2042 Nerius
868 2009 947 2041 olim
973 2007 1065 2042 Gerii
1091 2009 1133 2041 de
1159 2007 1338 2051 Ruggeriis
1370 2009 1514 2042 clericus
1539 2008 1687 2042 Pisanus
1719 2009 1879 2051 publicus
1911 2008 2110 2051 Apostolica
2133 2010 2166 2043 et
2190 2008 2306 2052 Impe-
2351 1985 2380 2000 L

478 2072 550 2104 riali
576 2072 835 2104 auctoritatibus
867 2071 1039 2111 Notarius,
1065 2070 1253 2113 prefatique
1285 2070 1572 2106 Reverendissimi
1597 2072 1630 2104 in
1655 2069 1793 2105 Christo
1817 2070 1928 2105 Patris
1951 2073 1984 2104 et
2007 2069 2049 2104 D.
2073 2069 2115 2104 D.
2139 2069 2299 2106 Cosmati=
2356 2059 2387 2114 ᾗ

476 2133 669 2168 Cardinalis
694 2134 820 2173 arbitri,
837 2134 1047 2166 arbitratoris
1065 2135 1096 2166 et
1113 2133 1302 2166 amicabilis
1327 2134 1566 2176 compositoris
1590 2134 1732 2176 predicti
1757 2132 1977 2174 Secretarius,
1994 2135 2096 2176 atque
2117 2142 2301 2170 causarum

475 2199 507 2230 et
532 2206 636 2230 cause
663 2197 857 2229 huiusmodi
884 2206 997 2229 coram
1023 2206 1064 2230 eo
1089 2197 1212 2236 scriba,
1238 2196 1367 2238 prefate
1392 2196 1570 2230 diffinitive
1595 2197 1770 2236 sententie,
1788 2197 1902 2236 laudo,
1919 2197 2058 2230 arbitrio
2081 2205 2143 2230 seu
2155 2197 2299 2231 arbitra·

479 2262 601 2300 mento,
627 2261 856 2302 omnibusque
881 2260 958 2293 aliis
983 2261 1014 2293 et
1039 2260 1184 2302 singulis
1208 2260 1463 2302 suprascriptis,
1488 2260 1568 2294 dum
1593 2260 1655 2300 sic,
1680 2262 1716 2293 ut
1740 2261 1944 2302 premissum
1969 2262 2031 2300 est,
2048 2269 2109 2302 per
2131 2260 2300 2302 prefatum
2355 2266 2378 2309 {f

480 2322 662 2355 Dominum
682 2321 897 2356 Cardinalem
922 2323 1095 2362 arbitrum,
1113 2322 1344 2355 arbitratorem
1362 2324 1395 2355 et
1415 2322 1625 2356 amicabilem
1651 2323 1913 2365 compositorem
1939 2323 2127 2364 predictum
2152 2331 2303 2365 pronun·

483 2386 654 2425 tiarentur,
680 2385 906 2424 laudarentur,
931 2387 1110 2427 agerentur
1133 2386 1166 2418 et
1189 2385 1316 2424 fierent,
1342 2394 1408 2418 una
1441 2394 1516 2418 curn
1549 2386 1735 2427 prenotatis
1767 2386 1912 2419 testibus
1945 2394 2086 2427 presens
2111 2385 2170 2426 fui,
2194 2394 2303 2428 eaque

477 2449 590 2481 omnia
615 2450 647 2481 et
672 2447 805 2490 singula
830 2448 890 2487 sic,
916 2450 951 2480 ut
975 2448 1179 2489 premissum
1205 2449 1266 2487 est,
1291 2448 1360 2480 fieri
1387 2448 1456 2480 vidi
1481 2450 1514 2481 et
1538 2448 1665 2488 audivi,
1690 2450 1722 2481 et
1747 2449 1824 2481 ideo
1850 2449 1914 2482 hoc
1950 2457 2093 2490 presens
2125 2447 2306 2490 publicum*
2356 2432 2382 2463 ’ἶ

478 2512 748 2549 instrumentum,
773 2510 865 2551 quod
891 2510 967 2543 aliis
992 2510 1190 2552 prepeditus
1222 2510 1368 2553 negotiis
1393 2519 1453 2552 per
1478 2510 1655 2553 Hugonem
1681 2511 1857 2544 Notarium
1890 2510 2098 2553 Imperialem
2123 2511 2299 2553 publicum

480 2573 732 2615 infrascriptum
757 2573 900 2606 fideliter
924 2573 1027 2606 scribi
1052 2572 1128 2612 feci,
1153 2573 1276 2606 exinde
1301 2573 1443 2613 confeci,
1462 2574 1494 2606 in
1513 2575 1626 2607 notam
1651 2574 1776 2616 redegi,
1794 2576 1827 2606 et
1851 2574 2024 2615 publicavi
2040 2573 2122 2607 illud
2140 2582 2207 2607 una
2223 2582 2303 2607 cum
2353 2571 2381 2614 ⁷„

482 2645 533 2675 eo,
559 2638 590 2668 et
617 2645 675 2677 per
700 2636 773 2668 eius
799 2644 934 2668 manum
962 2636 993 2667 in
1019 2635 1200 2668 collatione
1225 2637 1256 2668 et
1280 2635 1454 2677 aliquibus
1478 2636 1530 2668 sui
1559 2636 1726 2678 partibus,
1747 2638 1781 2670 et
1805 2637 1980 2678 presertim
2005 2637 2039 2669 in
2063 2636 2179 2669 verbis
2210 2635 2305 2670 Mer·
2362 2634 2389 2667 ἒ.

480 2699 562 2731 curii
588 2700 709 2731 octava
735 2698 767 2730 in
793 2698 939 2740 septimo
965 2698 1096 2740 virgulo
1121 2699 1208 2730 circa
1233 2698 1332 2731 finem
1357 2698 1436 2731 dicti
1463 2699 1674 2732 instrumenti
1702 2699 1933 2741 computando
1957 2700 2000 2732 ab
2026 2699 2144 2732 ultimo
2168 2698 2302 2742 virgulo

539 2841 568 2863 (ll
586 2840 628 2862 Chi
643 2840 766 2862 considera
781 2842 868 2867 questo
882 2840 1033 2867 documento,
1048 2845 1060 2862 e
1075 2840 1098 2861 lo
1112 2840 1223 2862 coordina
1238 2845 1282 2862 con
1297 2840 1318 2862 le
1337 2840 1370 2862 di·
1424 2841 1463 2862 de!
1478 2841 1507 2863 16
1521 2842 1608 2869 agusto
1624 2841 1698 2868 1³92)
1711 2841 1765 2864 lieet
1780 2841 1915 2864 Bonifatius
1929 2841 1958 2864 ΙΧ
1972 2847 2034 2864 anno
2050 2841 2109 2868 1³9⁴.
2123 2842 2136 2863 7
2150 2841 2205 2864 idus
2213 2841 2305 2870 aprilis,

486 2885 614 2910 sposizioni
630 2885 690 2906 della
706 2885 767 2906 bolla
783 2885 819 2906 dei
834 2885 847 2906 7
861 2885 934 2911 aprile
947 2885 1005 2911 1394,
1017 2885 1075 2907 deve
1090 2885 1301 2907 necessariamente
1316 2890 1370 2907 con·
1424 2891 1465 2912 per
1479 2891 1536 2908 suas
1550 2886 1619 2908 datas
1634 2886 1747 2909 Cosmato
1762 2876 1900 2915 presbytero
1917 2876 2027 2908 cardinali
2042 2886 2065 2908 S.
2081 2886 2164 2908 Crucis
2178 2887 2201 2908 in
2216 2876 2307 2908 lerun-

487 2929 579 2950 cludcre
594 2929 635 2950 che
651 2929 672 2950 la
687 2931 799 2951 sentenza
814 2929 836 2951 di
853 2929 932 2956 Pavia,
948 2929 984 2951 dei
1002 2929 1026 2951 16
1040 2931 1125 2956 agusto
1142 2929 1201 2956 1392,
1211 2929 1224 2951 e
1234 2931 1297 2951 stata
1308 2930 1367 2951 nella
1422 2930 1475 2957 lem,
1491 2931 1570 2958 quoad
1584 2931 1663 2958 aliqua
1678 2930 1847 2958 reformaverit,
1862 2931 1941 2958 quoad
1955 2931 2000 2953 alia
2015 2933 2093 2953 tamen
2107 2937 2153 2953 non
2167 2931 2304 2958 annullavit,

488 2978 531 2994 sua
546 2974 613 2999 parte
628 2974 757 2995 essentiale
771 2979 784 2995 e
799 2973 838 3000 pii:
854 2979 955 3001 gravosa
974 2974 1171 3001 completamente
1191 2975 1294 2996 cassata.
1317 2974 1370 2996 Per·
1424 2980 1500 3002 neque
1515 2975 1626 2997 cassavit:
1641 2975 1683 2998 sed
1698 2981 1740 2998 nec
1754 2976 1824 2998 etlam
1839 2975 1890 3002 ipse
1905 2975 2032 2998 Cosmatus
2046 2975 2116 2997 Card.
2138 2976 2175 2998 cui
2198 2974 2306 2998 Ponutex
2362 2956 2393 2999 ¹:⁴2

488 3017 524 3039 cio
539 3022 610 3038 senza
625 3017 689 3039 voler
705 3017 817 3043 proterite
831 3018 944 3045 giudizio,
959 3024 995 3040 ma
1010 3019 1062 3041 solo
1077 3024 1119 3045 per
1132 3024 1212 3041 amore
1229 3019 1274 3041 alla
1295 3019 1370 3041 verita
1425 3019 1559 3046 praedictae
1573 3019 1704 3043 sententiae
1719 3020 1858 3044 revisionem
1873 3019 2053 3042 commis-erat:
2068 3020 2125 3047 quin
2139 3021 2187 3043 imo
2205 3020 2306 3043 ratiflm-

490 3061 585 3088 storica,
600 3062 777 3088 sottoponiamo
792 3069 822 3083 un
838 3063 935 3089 periodo
950 3063 986 3085 del
1002 3063 1143 3090 ΡΕΝΝοττι,
1158 3069 1195 3091 ορ.
1217 3064 1266 3090 cir..
1290 3064 1330 3086 lib.
1352 3065 1370 3091 1,
1425 3064 1459 3087 vit
1473 3066 1497 3086 et
1511 3064 1559 3086 fere
1574 3065 1653 3092 quoad
1667 3065 1744 3087 omnia
1759 3064 1906 3087 confirmavit
1920 3070 1962 3092 per
1984 3070 2053 3087 suurn
2073 3065 2267 3088 arbitramentum
2281 3067 2305 3088 et
2360 3055 2365 3059 ”
2378 3046 2384 3056 '¹
2399 3060 2402 3061 ⁷

489 3111 541 3133 cap.
556 3106 590 3132 64,
607 3111 628 3127 n.
645 3105 692 3132 ΧΙΙ,
707 3106 749 3127 clie
764 3106 833 3128 crede
848 3107 870 3128 di
886 3112 982 3133 esporre
997 3108 1012 3129 il
1027 3113 1083 3129 vero
1097 3109 1162 3130 stato
1177 3108 1237 3130 dena
1248 3108 1372 3135 questione
1427 3108 1570 3131 definitivam
1593 3109 1733 3132 sententiam
1757 3117 1776 3130 ¹.
1801 3108 1846 3132 Per
1868 3111 1949 3131 nostra
1971 3109 2066 3131 fortuna
2080 3109 2087 3131 i
2101 3109 2235 3132 documenti
2259 3115 2306 3132 non

491 3150 514 3172 in
528 3150 593 3173 forta
608 3150 644 3172 dei
660 3150 705 3172 due
719 3151 839 3172 accennati
856 3150 1002 3174 documenti:
1018 3159 1029 3170 e<
1040 3151 1115 3178 Quam
1130 3152 1270 3175 sententiam
1284 3152 1374 3180 (quella
1429 3158 1488 3176 sono
1502 3153 1582 3176 nudati
1597 3153 1699 3181 perduti,
1713 3159 1727 3176 e
1741 3153 1838 3181 pariano
1853 3153 1926 3176 molto
1939 3153 2118 3176 divemmente.
