2496 3600
498 357 578 391 dedi
604 357 767 400 magistro
791 357 975 392 Ambrosio
991 367 1053 400 pro
1078 358 1239 400 predictis
1264 366 1326 390 sex
1344 356 1467 390 diebus
1483 359 1516 390 et
1529 364 1592 398 pro
1608 356 1726 390 eadem
1751 364 1855 390 causa
1880 356 1953 390 libr.
1971 356 2017 396 111,
2041 355 2128 390 sold.
2153 354 2218 390 xn.
2242 354 2323 391 Item

498 419 554 453 die
578 419 638 453 XV
662 419 741 453 dedi
778 420 940 462 magistro
977 419 1115 453 Iohanni
1140 421 1173 453 et
1197 419 1293 453 socio
1329 427 1391 461 pro
1415 427 1477 452 sex
1503 418 1636 459 diebus,
1661 418 1776 452 dando
1808 427 1870 460 pro
1894 418 2046 460 qualibet
2069 418 2124 452 die
2149 419 2185 452 ut
2207 426 2324 461 supra,

510 490 643 515 summa
667 483 719 515 est
743 481 816 515 libr.
843 481 907 520 VII,
935 481 1021 514 sold.
1052 480 1134 514 XVI.
1173 480 1252 514 Item
1290 480 1368 514 dedi
1405 481 1567 523 magistro
1602 479 1785 514 Ambrosio
1820 489 1883 523 pro
1918 480 2069 523 quinque
2104 480 2227 514 diebus
2261 488 2324 523 pro

498 544 618 577 eadem
643 552 748 576 causa
785 543 857 576 libr.
884 543 950 576 III...
989 542 1067 576 Item
1103 543 1181 576 dedi
1219 543 1381 585 magistro
1413 541 1551 576 Iohanni
1577 544 1609 576 et
1634 542 1730 576 socio
1765 551 1827 584 pro
1862 542 1971 576 tribus
2008 542 2132 576 diebus
2168 541 2242 576 libr.
2278 541 2349 592 nl„

499 606 586 640 sold.
612 605 728 647 xvni„
746 606 825 639 Item
851 605 928 639 dedi
955 606 987 638 in
1012 605 1173 638 omnibus
1197 604 1370 639 coloribus
1393 605 1570 639 forestarie
1593 606 1627 639 et
1651 604 1816 639 refectorii
1842 604 1915 639 libr.
1941 604 1981 644 V.
1997 604 2085 640 sold.
2110 604 2151 645 X,
2174 604 2252 639 den.
2273 603 2324 639 vl.

499 668 566 702 Nel
599 677 688 702 mese
723 668 759 701 di
792 669 913 710 agosto
937 668 968 701 si
1001 667 1117 701 Iavora
1157 667 1200 701 ad
1240 667 1410 701 satiendas
1445 667 1562 701 leticas
1598 667 1818 707 novitiorum,
1851 675 1915 710 per
1945 667 2150 710 tiparazioni
2181 666 2259 701 nelt'
2277 667 2328 700 In-

491 730 652 773 fermeria
677 739 694 763 e
717 730 867 763 solatura
890 729 946 763 del
967 728 1143 772 refertorio.
1175 729 1242 763 Ne!
1263 728 1436 763 settembre
1459 730 1491 764 si
1505 729 1629 772 finisce
1651 729 1677 763 11
1698 728 1874 772 refettosto,
1898 737 1916 763 e
1939 730 1954 763 I
1973 730 2133 763 muratori
2165 729 2327 764 lavorano

500 794 533 826 in
557 793 675 825 cucina
699 801 716 825 e
740 791 794 824 nel
817 791 1013 834 campanile.
1039 791 1104 825 Nel
1126 790 1290 826 dicembre
1314 792 1346 825 sl
1367 791 1483 825 {avora
1507 800 1570 834 pro
1594 791 1679 825 cella
1703 791 1924 825 noviciorum.
2368 780 2371 782 ⁴

1293 1054 1536 1097 LXXIX.

592 1173 781 1211 Sepultura
807 1173 842 1202 in
867 1173 901 1205 S.
927 1155 1104 1211 Assostino
1128 1173 1165 1203 di
1188 1182 1258 1203 una
1281 1173 1378 1211 figlia
1403 1173 1440 1204 di
1465 1174 1558 1205 Gian
1582 1173 1766 1204 Galeazzo
1790 1173 1970 1204 Visconti.

1179 1296 1337 1331 1383,
1366 1296 1568 1331 lucae,
1595 1297 1649 1323 9.

895 1385 1004 1412 (Annales
1018 1385 1216 1413 MedIolanenses,
1232 1386 1254 1408 ln
1269 1385 1418 1413 MURATORI‚
1433 1385 1488 1412 Rer,
1504 1386 1559 1409 Ital.
1576 1385 1672 1413 Scrlpt„
1687 1386 1733 1409 vol.
1749 1385 1808 1413 XVI,
1823 1385 1868 1408 col.
1882 1385 1940 1412 787).

512 1553 515 1620 l
586 1582 692 1699 D
747 1540 776 1659 ξε
801 1603 918 1627 mense
945 1594 1027 1627 Iunii
1053 1595 1212 1628 dominus
1238 1592 1364 1628 Comes
1389 1593 1556 1627 Virtutum
1582 1594 1700 1627 habuit
1724 1603 1767 1628 ex
1793 1578 1931 1628 domina
1955 1592 2141 1628 Catharina
2175 1569 2382 1653 censoru?

513 1622 519 1743 x
777 1668 838 1691 sua
864 1658 1046 1700 quamdam
1072 1658 1332 1700 pulcherrimam
1357 1658 1471 1691 filiam.
1496 1657 1561 1691 Die
1588 1657 1630 1690 IX
1656 1657 1728 1690 Iulii
1753 1658 1838 1691 obiit
1861 1658 1952 1691 dicta
1968 1657 2037 1691 tilia
2062 1658 2095 1691 in
2119 1658 2256 1692 civitate
2270 1656 2375 1714 Pau?

746 1735 748 1762 I
775 1722 851 1763 piae
877 1723 909 1754 et
934 1721 1059 1754 ibidem
1085 1721 1220 1762 sepulta
1245 1720 1308 1754 fuit
1331 1729 1407 1753 cum
1434 1721 1583 1754 maximo
1609 1721 1736 1754 honore
1762 1721 1795 1754 in
1820 1719 1946 1754 Sancto
1971 1720 2164 1764 Augustino
2179 1718 2243 1764 (1).
2289 1768 2290 1771 ¹

1301 1985 1518 2027 LXXX.

594 2107 790 2135 Riassunto
815 2106 873 2135 del
905 2116 919 2129 «
943 2106 1051 2135 Liber
1075 2106 1324 2143 Expensarum
1347 2119 1361 2133 »
1391 2113 1454 2143 per
1478 2105 1604 2135 l'anno
1630 2106 1717 2142 1386.

1039 2229 1182 2254 1386
1191 2244 1205 2261 9
1242 2228 1509 2255 febbrafflo
1519 2239 1538 2251 ‹-
1548 2228 1807 2262 maggio-

1098 2317 1202 2341 (Bibliot.
1215 2317 1322 2339 Univers.
1333 2317 1356 2339 di
1367 2316 1439 2339 Pavla
1449 2328 1475 2332 —
1486 2316 1544 2339 eod.
1555 2323 1576 2338 n.
1589 2316 1636 2343 509,
1647 2316 1684 2343 gia
1697 2317 1751 2342 131).

524 2456 527 2522 1¹

534 2454 754 2545 *mi

593 2503 689 2621 E
758 2520 903 2549 XPENSE
928 2517 1055 2549 mensis
1080 2516 1250 2548 februarii.
2050 2552 2053 2557 ,

870 2579 904 2611 In
929 2579 1046 2620 primis
1082 2579 1137 2611 die
1163 2578 1204 2611 VI
1230 2578 1309 2611 dedi
1335 2578 1544 2611 Lanfracello
1580 2578 1637 2620 qui
1676 2578 1842 2611 laboravit
1877 2577 2014 2611 duobus
2049 2577 2173 2610 diebus
2207 2575 2252 2610 ad

534 2677 599 2679 —
780 2642 935 2674 ciendam
961 2642 1050 2674 viam
1076 2641 1199 2674 bonam
1226 2642 1258 2673 in
1283 2641 1440 2674 citadeIIa
1465 2642 1500 2673 ut
1524 2642 1644 2683 gentes
1669 2641 1803 2682 possint
1828 2641 1942 2673 venire
1958 2641 2000 2673 ad
2019 2640 2156 2672 domum
2174 2641 2268 2675 nostr

506 2704 622 2736 dando
647 2713 707 2746 pro
732 2705 787 2737 die
811 2704 899 2736 sold.
925 2703 978 2743 Vl,
1004 2712 1136 2736 summa
1162 2705 1213 2736 est
1237 2703 1325 2736 sold.
1352 2702 1422 2735 XII.
1447 2702 1606 2744 Seguono
1629 2711 1726 2745 spese
1745 2711 1808 2745 per
1828 2703 2031 2745 riparazioni
2060 2702 2130 2735 alla
2153 2710 2236 2736 casa

508 2766 683 2807 resettorio,
701 2766 760 2808 fra
784 2767 838 2799 cui
850 2777 860 2798 .·
887 2766 966 2799 Item
991 2766 1070 2799 dedi
1097 2767 1129 2798 in
1154 2765 1231 2798 aliis
1249 2765 1358 2798 clovis
1375 2767 1408 2798 et
1425 2765 1644 2798 domionibus
1661 2774 1723 2807 pro
1740 2765 1859 2798 tabula
1877 2765 1933 2798 ubi
1951 2765 2072 2798 fratres
2089 2766 2180 2798 stant
2194 2772 2264 2807 qua

509 2829 692 2862 comedunt
727 2830 769 2862 ad
807 2831 938 2868 terram,
975 2829 1062 2862 sold.
1088 2829 1120 2861 ll.
1146 2827 1184 2862 Si
1200 2828 1309 2870 fanno
1334 2828 1364 2861 le
1388 2828 1469 2861 altre
1493 2827 1602 2861 tavole
1625 2828 1680 2861 del
1712 2827 1881 2870 referton‘o
1905 2836 1923 2860 e
1946 2827 1976 2860 le
1996 2827 2145 2869 panche:
2170 2827 2196 2861 il
2217 2827 2243 2861 1

568 2988 599 3013 (l)
614 2987 671 3009 Gian
686 2988 811 3014 Galeazzo,
826 2988 895 3009 conte
910 2987 933 3009 di
947 2987 1023 3014 Vittis,
1038 2987 1053 3008 il
1067 2987 1081 3009 6
1095 2986 1117 3008 di
1133 2986 1225 3013 maggio
1239 2992 1313 3008 aveva
1336 2986 1397 3008 tatto
1452 2987 1568 3009 Galeazzo
1582 2988 1709 3010 career-iere
1722 2988 1759 3010 del
1774 2988 1847 3015 padre
1860 2988 1883 3010 di
1898 2988 1935 3011 lei.
1951 2988 1984 3011 Lo
1998 2990 2062 3011 stato
2077 2989 2215 3012 dell’animo
2226 2994 2274 3012 αιο

515 3033 633 3053 catturare
648 3038 661 3053 a
676 3032 817 3054 tradimento
832 3032 847 3053 il
862 3032 958 3058 proprio
977 3032 1015 3054 zio
1036 3031 1145 3053 Bernabo
1159 3037 1172 3053 e
1186 3031 1206 3053 si
1221 3036 1261 3053 era
1281 3031 1399 3058 impadro-
1452 3031 1516 3053 nisce
1529 3031 1592 3054 toi-se
1607 3038 1652 3054 una
1666 3032 1817 3059 spiegazione
1830 3033 1877 3060 agli
1890 3033 2046 3055 avvenimenti
2057 3034 2097 3060 qui
2107 3039 2179 3061 sopra
2188 3033 2275 3057 narrnfl

516 3076 565 3097 nito
580 3076 602 3097 di
618 3076 705 3097 milano
720 3081 732 3097 e
748 3076 770 3097 di
785 3077 849 3098 tutto
864 3076 879 3097 il
893 3076 997 3098 domimo
1011 3076 1033 3098 di
1049 3076 1088 3098 lui.
1105 3075 1128 3098 si
1144 3075 1192 3102 ριιὸ
1213 3076 1363 3102 immaginare
1384 3076 1399 3098 il
1453 3076 1591 3098 1¹Anna11sta
1605 3076 1726 3099 Milanese.
1741 3077 1799 3099 veui
1814 3077 1872 3104 pero
1885 3078 1944 3100 nene
1958 3079 2014 3100 nate
2027 3079 2050 3100 ai
2064 3078 2116 3101 doe.
2132 3085 2154 3101 n.
2164 3079 2235 3102 xcxx
2254 3095 2256 3097 v
2279 3089 2287 3097 ν
2301 3076 2304 3077 ’
2322 3074 2343 3090 '‘⁴‘'

515 3120 596 3142 dolore
612 3120 633 3141 di
649 3119 757 3142 Caterina
772 3120 886 3146 visconti,
901 3121 1015 3142 costi-etta
1030 3125 1044 3142 a
1058 3120 1137 3142 vivere
1151 3125 1195 3142 con
1210 3120 1225 3141 il
1239 3111 1324 3142 marito
1339 3120 1397 3142 Gian
1452 3121 1611 3143 osservazioni
1626 3121 1686 3143 sulla
1700 3121 1756 3144 data
1772 3122 1831 3149 1385,
1845 3123 1889 3145 che
1901 3122 1966 3145 forse
1979 3123 2038 3145 deve
2047 3129 2127 3146 essere
2139 3125 2229 3147 mutm
2238 3125 2281 3148 inl
2310 3114 2345 3139 {⁸
