2496 3600
529 246 592 280 178

524 381 650 423 gustini
675 383 707 414 et
731 381 858 415 dictum
883 390 999 415 eorum
1024 382 1203 425 syndicum
1228 384 1261 415 et
1285 383 1538 424 procuratorem
1564 390 1680 415 eorum
1717 383 1852 417 nomine
1876 383 1982 417 teneri
2007 385 2041 418 et
2064 384 2235 428 obligatos
2269 393 2308 420 es

523 443 566 476 ad
591 443 844 477 observantiam
881 446 1056 486 pactorum
1093 446 1125 477 et
1161 444 1423 477 conventionum
1461 443 1618 477 initorum
1642 445 1675 478 et
1699 444 1855 478 initarum
1892 445 1979 479 inter
2001 447 2035 479 et
2059 454 2120 488 per
2154 446 2262 490 ipsos,
2285 455 2348 482 seu

523 514 638 539 eorum
675 515 892 548 precessores
928 508 961 540 et
996 506 1260 548 predecessores
1295 515 1339 539 ex
1376 515 1443 539 una
1479 507 1584 548 parte,
1609 508 1641 540 et
1665 507 1791 540 dictum
1824 506 1865 541 D.
1891 507 2071 549 Abbatem,
2094 507 2292 544 canonicos
2315 497 2383 544 et'
2381 499 2402 547 J

525 566 739 602 Conventum
766 569 960 602 monasterii
986 567 1019 602 S.
1045 568 1146 608 Petri,
1171 577 1232 602 seu
1257 577 1373 602 eorum
1398 577 1618 611 precessores
1642 569 1695 603 vel
1721 569 1986 612 predecessores
2002 579 2046 604 ex
2064 573 2158 614 parte
2173 571 2289 612 altera,
2304 567 2389 614 de,
2377 598 2390 613 ,

524 631 650 673 quibus
685 633 827 673 apparet
862 631 1035 673 publicum
1072 631 1330 664 instrumentum
1365 631 1524 664 traditum
1549 633 1582 665 et
1605 632 1837 675 subscriptum
1873 642 1935 675 per
1965 632 2194 676 Augustinum
2218 634 2261 668 de
2284 628 2383 669 Pa-

525 694 660 727 nizariis
685 693 860 726 Notarium
887 692 1091 735 Papiensem
1115 702 1206 726 anno
1230 702 1332 727 curso
1359 693 1454 734 1331,
1478 694 1534 727 die
1558 694 1579 727 5
1604 695 1732 728 mensis
1756 694 1851 735 lunii,
1876 694 2061 730 lndictione
2099 696 2351 739 quintadecima

525 758 557 789 et
581 756 623 788 ad
649 756 902 788 observantiam
939 757 1173 788 contentorum
1199 756 1231 789 in
1257 757 1502 799 suprascriptis
1538 756 1748 799 Apostolicis
1780 757 1885 791 literis
1909 758 1965 800 pie
1990 767 2089 793 mem.
2114 757 2174 793 SS.
2199 757 2274 792 DD.
2299 758 2400 803 10-52-

524 819 623 851 annis
649 817 741 859 Pape
767 817 866 857 XXII,
891 818 934 850 de
959 818 1086 859 quibus
1103 826 1208 860 supra
1224 818 1260 851 tit
1277 818 1414 858 mentio,
1439 819 1605 861 ipsosque
1618 818 1779 860 Priorem,
1796 819 1930 854 Fratres
1946 822 1980 854 et
1995 818 2210 854 Conventum
2229 819 2263 855 S.
2280 807 2386 870 Ati-g}

525 881 650 923 gustini
676 883 707 913 ct
732 881 859 913 dictum
885 889 1001 913 eorum
1026 880 1206 922 syndicum
1231 882 1263 914 et
1288 883 1551 923 procuratorem,
1577 891 1693 915 eorum
1718 883 1864 923 nomine,
1881 883 2149 917 condemnamus
2166 884 2209 917 ad
2232 884 2318 918 obse
2363 870 2383 876 Ἰ

525 943 672 975 vantiam
699 944 874 984 pactorum
900 944 932 975 et
957 943 1220 975 conventionum
1257 943 1496 985 predictorum,
1521 934 1561 977 ac
1587 946 1821 978 contentorum
1847 945 1880 978 in
1905 945 2010 979 literis
2046 944 2256 988 Apostolicis
2291 955 2310 981 s

526 1005 736 1047 prascriptis.

615 1067 667 1099 Ab
692 1067 769 1100 aliis
794 1069 905 1100 autem
931 1068 1099 1100 contentis
1125 1068 1157 1100 in
1182 1067 1274 1101 dicta
1297 1068 1406 1110 prima
1431 1069 1593 1110 petitione
1617 1069 1733 1103 oblata
1750 1079 1812 1112 pro
1837 1072 1932 1112 parte
1949 1070 2115 1104 dictorum
2133 1070 2174 1104 D.
2192 1070 2318 1106 Abbati

525 1129 774 1164 Canonicorum
800 1132 832 1163 et
857 1128 1058 1164 Conventus
1083 1130 1284 1164 Monasterii
1309 1130 1343 1164 S.
1369 1130 1458 1165 Petri
1483 1133 1600 1165 contra
1625 1133 1736 1166 dictos
1753 1132 1914 1173 Priorem,
1932 1133 2066 1167 Fratres
2081 1135 2116 1167 et
2131 1132 2312 1168 Conventu

526 1194 634 1226 sancti
661 1192 842 1235 Augustini
869 1201 930 1226 seu
955 1195 1072 1226 contra
1097 1194 1224 1226 dictum
1249 1203 1365 1226 eorum
1391 1194 1570 1236 syndicum
1595 1197 1628 1228 et
1652 1197 1904 1237 procuratorem
1930 1205 2046 1229 eorum
2082 1197 2228 1238 nomine,
2253 1197 2308 1240 ips

526 1255 688 1295 Priorem,
715 1255 848 1288 Fratres
873 1257 905 1288 et
929 1253 1155 1295 Conventum,
1181 1258 1213 1289 et
1237 1256 1365 1289 dictum
1390 1266 1506 1290 eorum
1532 1257 1712 1300 syndicum
1737 1260 1770 1291 et
1794 1260 2047 1300 procuratorem
2072 1268 2188 1292 eorum
2213 1259 2328 1295 nomin

526 1318 751 1358 absolvimus,
777 1320 808 1351 et
832 1318 1010 1352 absolutos
1036 1319 1250 1352 decernimus
1275 1321 1308 1352 et
1331 1319 1545 1353 declaramus
1569 1317 1631 1361 (1).

617 1380 727 1423 Super
752 1381 919 1414 contentis
944 1382 1055 1414 autem
1082 1381 1114 1414 in
1139 1382 1248 1423 prima
1273 1381 1435 1423 petitione
1460 1381 1574 1415 oblata
1598 1391 1661 1424 pro
1689 1385 1785 1425 parte
1821 1383 1987 1416 dictorum
2025 1383 2163 1424 Primis,
2198 1384 2387 1432 Fratrumss

525 1445 558 1477 et
583 1442 782 1477 Conventus
808 1443 1028 1477 Eremitarum
1053 1442 1086 1477 S.
1113 1443 1306 1486 Augustini,
1324 1452 1385 1477 seu
1403 1453 1464 1486 per
1479 1445 1606 1478 dictum
1624 1445 1804 1479 lohannem
1822 1446 1865 1479 de
1881 1445 2020 1480 Oliariis
2037 1455 2153 1480 eorum
2170 1436 2391 1490 syndicum*

525 1508 557 1539 et
583 1508 833 1548 procuratorem
861 1515 975 1539 eorum
1002 1507 1138 1539 nomine
1163 1508 1278 1539 contra
1303 1507 1336 1539 et
1359 1507 1528 1540 adversus
1553 1508 1725 1549 predictos
1742 1507 1783 1541 D.
1801 1507 1981 1548 Abbatem,
1999 1507 2194 1543 Canonicos
2210 1510 2244 1543 et
2258 1507 2393 1559 Con-{³2

527 1571 665 1602 ventum
692 1569 886 1601 monasterii
912 1567 944 1602 S.
971 1568 1060 1601 Petri
1087 1569 1119 1601 in
1145 1567 1230 1602 Celo
1255 1578 1368 1609 aureo,
1394 1578 1455 1602 seu
1479 1570 1608 1603 dictum
1633 1568 1844 1612 Stephanum
1869 1580 1986 1604 eorum
2011 1571 2192 1614 syndicum
2216 1573 2250 1606 et
2273 1580 2382 1615 pro-

525 1633 713 1664 curatorem
740 1641 855 1664 eorum
882 1631 1077 1673 syndicario
1102 1633 1134 1664 et
1158 1632 1391 1673 procuratorio
1427 1632 1572 1672 nomine,
1597 1633 1866 1666 condemnamus
1897 1635 1931 1666 et
1954 1634 2200 1668 condemnatos
2235 1634 2393 1684 decer-274

528 1695 651 1733 nimus,
677 1696 709 1726 et
733 1694 946 1727 declaramus
972 1694 1082 1727 dictos
1100 1693 1142 1726 D.
1162 1693 1342 1734 Abbatem,
1367 1693 1564 1728 Canonicos
1581 1697 1614 1728 et
1630 1683 1845 1729 Conventum
1863 1694 1897 1729 S.
1915 1695 2016 1736 Petri,
2033 1698 2066 1730 et
2082 1697 2210 1730 dictum
2235 1697 2388 1743 eorun'1332‘n

528 1757 708 1799 syndicum
734 1759 766 1790 et
791 1759 1042 1798 procuratorem
1068 1766 1184 1789 eorum
1202 1757 1396 1799 syndicario
1413 1759 1446 1790 et
1463 1758 1697 1800 procuratorio
1714 1759 1850 1792 nomine
1867 1759 1909 1792 ad
1927 1759 2088 1799 dandum,
2106 1759 2353 1794 restituendum
2366 1747 2383 1809 35

528 1821 561 1852 et
586 1820 789 1852 solvendum
815 1820 916 1852 dictis
941 1819 1059 1858 Priori,
1085 1819 1259 1852 Fratribus
1283 1821 1316 1852 et
1341 1818 1533 1853 Conventui
1558 1819 1592 1854 S.
1618 1819 1800 1863 Augustini
1825 1823 1858 1854 et
1881 1821 1973 1854 dicto
1997 1830 2115 1855 eorum
2150 1821 2296 1865 syndico
2318 1812 2398 1861 et

528 1883 736 1924 procuratori
762 1892 877 1915 eorum
903 1883 1038 1915 nomine
1064 1883 1276 1915 medietatem
1302 1891 1532 1924 expensarum
1557 1883 1721 1916 factarum
1747 1893 1808 1926 per
1832 1884 1928 1926 ipsos
1953 1883 2116 1925 Priorem,
2152 1884 2286 1919 Fratres
2319 1885 2414 1921 et·

528 1943 755 1984 Conventum,
780 1954 840 1977 seu
866 1954 980 1977 eorum
1006 1953 1224 1986 precessores
1249 1944 1302 1977 vel
1327 1945 1591 1986 predecessores
1616 1955 1678 1987 pro
1714 1947 1926 1988 reparatione
1961 1948 1993 1980 et
2029 1949 2230 1990 coopertura
2263 1947 2397 1986 dicto

528 2006 691 2046 Echeste,
717 2016 782 2049 que
808 2007 971 2040 medietas
996 2008 1146 2048 ipsarum
1172 2016 1400 2048 expensarum
1425 2009 1477 2040 est
1499 2007 1703 2041 florenorum
1727 2009 1772 2041 40
1796 2009 1880 2042 auri.
1905 2008 1958 2042 Ab
1982 2009 2059 2043 aliis
2083 2011 2195 2043 autem
2212 2010 2245 2043 in
2261 1997 2403 2056 dictas*

527 2070 690 2111 petitione
715 2070 884 2102 contentis
909 2070 1037 2102 dictum
1062 2068 1246 2102 Dominum
1283 2068 1462 2109 Abbatem,
1487 2068 1683 2104 Canonicos
1719 2073 1752 2104 et
1788 2069 2003 2105 Conventum
2040 2072 2120 2105 dicti
2157 2069 2400 2113 monasterii

528 2131 561 2165 S.
588 2131 687 2171 Petri,
713 2134 744 2164 et
769 2132 895 2164 dictum
921 2141 1036 2165 eorum
1063 2132 1245 2174 syndicum
1271 2133 1303 2164 et
1327 2134 1578 2173 procuratorem
1607 2142 1723 2166 eorum
1760 2134 1955 2176 syndicario
1979 2135 2012 2167 et
2035 2135 2270 2177 procuratorio
2292 2142 2355 2169 no-

528 2196 616 2227 mine
642 2191 856 2228 absolvimus
881 2196 912 2227 et
937 2195 1116 2228 absolutos
1139 2194 1354 2228 decernimus
1379 2197 1411 2228 et
1434 2195 1659 2229 declaramus.
2427 2240 2429 2242 ρ

618 2256 728 2298 Super
752 2257 905 2289 secunda
930 2257 1092 2298 petitione
1116 2257 1230 2290 oblata
1254 2267 1316 2299 pro
1342 2259 1436 2299 parte
1460 2258 1539 2291 dicti
1565 2256 1700 2291 Domini
1738 2258 1894 2299 Abbatis,
1930 2257 2181 2293 Canonieorum
2205 2261 2239 2293 et
2261 2257 2385 2295 Con-

528 2321 651 2352 ventus
676 2320 871 2352 monasterii
897 2318 931 2352 S.
957 2318 1057 2358 Petri,
1083 2328 1144 2352 seu
1170 2329 1231 2361 per
1255 2320 1384 2353 dictum
1409 2329 1525 2353 eorum
1551 2320 1733 2362 syndicum
1758 2323 1791 2354 et
1815 2323 2068 2363 procuratorem
2085 2331 2201 2355 eorum
2218 2315 2396 2357 nomine?

527 2384 643 2414 contra
668 2381 779 2414 dictos
804 2380 965 2421 Priorem,
991 2381 1124 2414 Fratres
1149 2384 1181 2414 et
1206 2380 1422 2415 Conventum
1463 2382 1682 2416 Eremitarum
1708 2381 1741 2417 S.
1767 2382 1960 2426 Augustini,
1985 2393 2047 2417 seu
2072 2384 2200 2418 dictum
2236 2369 2396 2432 eorum-ff·

528 2444 708 2486 syndicum
733 2445 766 2477 et
790 2446 1042 2486 procuratorem
1067 2453 1183 2477 eorum
1220 2445 1355 2477 nomine
1379 2445 1412 2477 in
1437 2454 1489 2484 eo,
1527 2445 1620 2487 quod
1657 2444 1853 2487 Stephanus
1888 2446 2054 2488 syndicus
2089 2449 2123 2480 et
2157 2443 2388 2490 procurator&

527 2507 694 2539 dictorum
720 2505 761 2539 D.
787 2505 943 2546 Abbatis,
970 2505 1220 2539 Canonicorum
1245 2508 1278 2539 et
1303 2505 1504 2540 Conventus
1529 2508 1722 2541 monasterii
1747 2507 1781 2541 S.
1807 2507 1909 2548 Petri,
1935 2518 2052 2542 eorum
2088 2509 2284 2551 syndicario

528 2569 761 2610 procuratorio
786 2569 922 2601 nomine
946 2571 1066 2610 petunt
1090 2569 1200 2602 dictos
1226 2568 1388 2609 Priorem,
1413 2569 1546 2603 Fratres
1570 2572 1603 2603 et
1628 2569 1843 2604 Conventum
1868 2570 1902 2605 S.
1928 2570 2120 2614 Augustini,
2145 2581 2207 2605 seu
2224 2570 2397 2618 dictum}

528 2640 644 2663 eorum
670 2631 851 2673 syndicum
877 2633 909 2664 et
934 2633 1186 2673 procuratorem
1211 2640 1328 2664 eorum
1354 2633 1489 2665 nomine
1514 2633 1732 2666 condemnari
1757 2634 1790 2666 in
1816 2633 1960 2675 duplum
1984 2634 2186 2667 funeralium
2210 2631 2399 2678 percep—3

526 2696 636 2726 torum
661 2695 694 2726 et
718 2694 909 2727 habitorum
935 2703 995 2735 per
1019 2694 1116 2735 ipsos
1141 2693 1302 2734 Priorem,
1328 2694 1448 2728 fratres
1475 2697 1508 2728 et
1532 2693 1748 2729 Conventum
1773 2695 1807 2730 S.
1833 2695 2014 2738 Augustini
2055 2706 2117 2738 pro
2152 2697 2311 2739 corporib

528 2756 674 2797 sepultis
697 2757 740 2789 ad
766 2757 891 2789 dictam
929 2756 1116 2789 Ecclesiam
1149 2758 1210 2789 etc.
1252 2757 1466 2791 absolvimus
1501 2760 1534 2791 et
1569 2758 1748 2792 absolutos
1787 2759 2003 2792 decernimus
2041 2759 2152 2792 dictos
2190 2758 2341 2795 Priorem

529 2818 662 2851 Fratres
687 2820 718 2851 et
743 2817 957 2852 Conventum
983 2817 1016 2852 S
1042 2818 1234 2861 Augustini,
1260 2821 1293 2852 et
1316 2820 1444 2853 dictum
1469 2830 1585 2853 eorum
1611 2821 1792 2863 syndicum
1816 2822 1850 2854 et
1873 2823 2126 2863 procuratorem
2151 2831 2267 2855 eorum
2290 2830 2392 2874 ¹²⁰⁶?ss

528 2881 617 2913 mine
641 2890 660 2913 a
685 2881 859 2922 predictis,
884 2882 964 2923 quia
989 2881 1032 2914 ad
1058 2882 1184 2915 dictum
1210 2882 1353 2924 duplum
1379 2884 1538 2925 superius
1563 2884 1778 2917 condemnati
1811 2885 1891 2917 sunt
1914 2884 1947 2916 in
1972 2884 2082 2926 prima
2117 2886 2212 2926 parte
2249 2885 2392 2926 111111135

530 2943 2387 2976 sententie*

588 3099 617 3124 (l)
633 3099 721 3125 Questa
736 3101 846 3123 continua
867 3102 927 3124 serie
942 3103 964 3124 di
979 3102 1100 3124 condanne
1114 3108 1128 3124 a
1142 3103 1219 3125 carlco
1241 3103 1301 3130 degli
1322 3103 1416 3130 Agosti-
1469 3103 1602 3126 dell’anlmo
1616 3103 1742 3131 tranquillo
1756 3109 1769 3126 e
1779 3109 1862 3126 sereno
1876 3103 1913 3126 del
1923 3103 2015 3131 giudice
2024 3104 2098 3127 locale
2107 3105 2271 3133 suddelegato,
2285 3104 2310 3128 to

534 3144 594 3165 niani
610 3145 702 3167 sembra
716 3147 850 3167 veramente
864 3146 1017 3174 esorbitante,
1032 3152 1045 3168 e
1059 3153 1105 3169 non
1120 3147 1212 3174 depone
1226 3149 1291 3170 certo
1305 3153 1319 3170 a
1333 3147 1414 3170 favore
1468 3148 1559 3171 vittlma
1573 3148 1596 3170 di
1612 3148 1735 3170 malintesi.
