2496 3600
484 211 568 270 ω’

484 368 644 402 sitatibus
668 367 819 401 Fratrum
844 368 1043 401 idoneorum
1067 365 1120 409 (1)
1143 366 1351 400 venientium
1375 365 1419 399 ad
1444 365 1680 399 honorandum
1714 364 1839 399 festum
1862 364 2020 408 prelibati
2043 363 2206 400 Doctoris
2233 391 2234 394 η

483 431 622 474 gustini,
646 439 735 473 quos
759 431 792 464 in
817 431 991 473 posterum
1015 429 1188 463 annuatim
1213 427 1308 462 Ordo
1333 429 1539 462 memoratus
1564 436 1701 471 semper
1723 427 1766 462 de
1798 427 1946 462 diversis
1969 427 2167 462 civitatibus
2188 437 2213 462 v

483 494 634 527 decrevit
658 495 797 536 propter
819 492 1036 526 testivitatem
1062 492 1127 525 iam
1153 491 1340 534 predictam
1365 490 1550 524 honorifice
1574 489 1826 530 celebrandam,
1850 489 1980 524 Idcirco
1993 489 2189 533 supplicant
2204 490 2307 526 vobis

482 555 639 589 Dominis
664 555 845 589 antedictis
881 556 1050 597 quatenus
1074 554 1120 587 ob
1145 553 1367 587 reverentiam
1403 550 1618 587 Sanctissimi
1653 551 1766 586 Patris
1789 550 1823 586 et
1846 551 2059 586 Deffensoris
2093 551 2237 595 predicti
2272 553 2308 587 et

483 618 605 652 intuitu
633 618 769 661 pietatis
794 618 830 650 ut
855 618 888 650 in
914 616 1107 650 subsidium
1147 623 1378 657 expensarum
1413 614 1642 658 predictarum
1677 614 1858 649 annualem
1893 614 2126 658 provisionem
2149 614 2193 649 de
2216 615 2311 658 certa

480 681 667 723 quantitate
692 680 837 722 pecunie
861 679 975 712 danda
999 678 1110 711 eidem
1142 676 1348 726 Conventui,
1372 677 1415 711 de
1439 678 1564 711 havere
1600 675 1766 712 Comunis
1800 675 1908 720 Papie
1942 665 2093 711 taxanda
2117 677 2306 712 secundum

479 743 693 785 prudentiam
719 744 877 781 vestram,
902 740 1087 783 dignemini
1117 740 1309 782 providere.
1335 739 1408 774 Hoc
1432 740 1523 773 enim
1555 739 1648 774 dicto
1683 739 1866 774 conventui
1901 739 1964 773 erit
1998 747 2158 783 magnum
2192 739 2308 774 subsi-

481 806 576 838 dium
601 807 633 838 et
658 813 722 838 vos
747 804 842 838 eritis
867 803 1021 836 honorati
1047 804 1080 836 et
1104 803 1206 836 etiam
1231 801 1458 836 Beatissimus
1482 801 1584 836 Pater
1607 803 1815 836 memoratus
1838 802 1958 836 merito
1982 801 2017 835 in
2041 802 2165 836 vestris
2200 798 2363 851 nego-34.¹

479 868 542 901 ciis
567 877 628 910 pro
653 867 863 900 deffensione
889 865 1037 899 civitatis
1061 866 1095 898 et
1119 863 1286 899 Comunis
1310 863 1417 907 Papie
1441 863 1611 911 Patronus
1635 866 1668 916 et
1691 863 1892 898 Advocatus
1926 864 2052 899 existet
2075 866 2153 898 ante
2187 862 2350 899 Domi-¹

478 948 559 971 num
584 938 796 971 Altissimum
822 939 855 970 et
879 937 1029 970 omnium
1054 934 1278 976 Salvatorem,
1302 938 1336 969 et
1359 920 1512 982 predicta
1536 935 1732 978 supplicant
1755 935 1826 969 fieri
1850 935 1977 969 debere
2001 934 2222 978 solempniter

478 1010 542 1034 vos
567 1002 599 1034 et
624 999 778 1034 Comune
803 998 920 1041 Papie,
945 1007 1013 1032 non
1038 998 1256 1032 obstantibus
1280 998 1454 1041 aliquibus
1478 998 1615 1032 statutis
1639 997 1693 1031 vel
1718 997 1976 1040 provisionibus
2000 997 2112 1040 ipsius
2138 995 2249 1032 Comu

477 1062 577 1096 tactis
602 1062 655 1095 vel
680 1061 858 1101 faciendis,
882 1062 915 1094 et
939 1060 1032 1103 quod
1057 1059 1098 1093 D.
1124 1059 1283 1094 Potestas
1307 1052 1582 1103 Papie'presens
1605 1062 1639 1094 et
1662 1060 1720 1102 qui
1745 1068 1807 1102 per
1828 1061 1984 1102 tempora
2005 1059 2106 1093 fuerit
2136 1068 2214 1094 cum
2237 1058 2307 1097 iilis

479 1124 711 1167 Sapientibus,
737 1133 825 1166 quos
850 1132 967 1157 secum
993 1123 1118 1156 habere
1142 1123 1298 1163 voluerit,
1323 1123 1471 1157 habeant
1495 1122 1643 1166 bayliam
1668 1122 1771 1156 huius
1799 1120 1943 1156 Consilii
1967 1122 2169 1156 auctoritate
2190 1120 2308 1167 prov!-

478 1187 582 1220 dendi
608 1187 650 1220 de
675 1196 776 1220 avere
801 1184 968 1220 Comunis
993 1184 1099 1228 Papie
1124 1183 1317 1219 Conventui
1343 1184 1483 1219 Ordinis
1508 1185 1754 1219 Heremitarum
1779 1184 1845 1218 loci
1869 1186 1903 1218 et
1925 1183 2066 1218 Ordinis
2097 1183 2308 1226 sanctissimi

478 1249 660 1293 Augustini
685 1249 828 1291 predicti
854 1249 945 1282 omni
970 1257 1060 1281 anno
1084 1250 1236 1290 tempore
1260 1247 1456 1282 festivitatis
1485 1248 1566 1282 dicti
1602 1247 1811 1282 sanctissimi
1843 1245 2025 1290 Augustini
2050 1247 2084 1280 in
2107 1255 2149 1280 ea
2171 1238 2310 1290 quantia*-

477 1314 545 1346 tate
570 1321 638 1354 qua
663 1312 713 1345 eis
738 1312 909 1344 videbitur
933 1310 1176 1344 convenienter
1199 1312 1232 1344 et
1256 1319 1392 1353 semper
1415 1310 1506 1343 omni
1530 1318 1621 1344 anno
1644 1312 1797 1352 tempore
1821 1309 1912 1343 dicte
1935 1308 2131 1342 festivitatis
2148 1304 2218 1352 'pro
2241 1314 2308 1344 exi-

477 1375 597 1417 pensis
622 1376 655 1407 et
679 1373 809 1407 auxilio
834 1381 1063 1415 expensarum
1088 1373 1320 1406 occurentium
1345 1373 1499 1415 tempore
1523 1372 1676 1415 predicte
1699 1371 1896 1405 festivitatis
1919 1371 2012 1405 dicto
2035 1370 2219 1405 conventui
2240 1358 2307 1415 pf&

477 1437 570 1470 victu
595 1438 628 1470 et
651 1436 856 1470 necessitate
881 1435 1032 1469 Fratrum
1057 1436 1257 1469 idoneorum
1282 1435 1490 1468 venientium
1507 1435 1550 1468 ad
1568 1434 1804 1468 honorandum
1827 1433 1952 1467 festum
1976 1433 2121 1476 predicti
2144 1428 2310 1474 ΒΜ

479 1498 595 1533 Sancti
621 1499 814 1542 Augustini.

571 1562 612 1595 Et
636 1562 682 1595 ita
706 1562 849 1604 predicti
887 1562 1046 1595 dominus
1082 1561 1238 1595 Vicarius
1262 1563 1295 1594 et
1319 1561 1447 1594 domini
1482 1559 1675 1603 Sapientes,
1700 1560 1836 1593 nornine
1859 1561 1893 1593 et
1916 1560 1960 1593 ad
1985 1561 2114 1602 partem
2137 1554 2307 1601 Com

479 1624 586 1667 Papie
611 1627 644 1658 et
667 1634 730 1667 pro
754 1625 832 1667 ipso
856 1623 1002 1658 Comuni
1028 1625 1260 1667 providerunt,
1285 1624 1514 1663 firmaverunt,
1535 1624 1736 1663 statuerunt,
1760 1622 1986 1656 decreverunt
2007 1624 2042 1656 et
2064 1611 2315 1657 ordinaveris&

482 1688 515 1720 in
540 1687 700 1720 omnibus
724 1689 757 1720 et
780 1696 843 1729 per
859 1687 972 1720 omnia
996 1689 1097 1729 prout
1121 1687 1282 1729 superius
1306 1695 1368 1728 per
1391 1685 1528 1728 singula
1562 1685 1763 1718 continetur.
1800 1684 1841 1718 Et
1865 1685 1944 1718 inde
1968 1684 2050 1719 dicti
2074 1683 2259 1721 dominus,
2274 1669 2307 1716 ῑι

477 1751 591 1783 carius
615 1752 647 1783 et
672 1750 799 1783 domini
825 1748 1006 1792 Sapientes
1031 1750 1166 1783 nomine
1191 1751 1224 1783 et
1248 1749 1292 1782 ad
1317 1750 1449 1791 partem
1473 1746 1640 1782 Comunis
1664 1747 1770 1790 Papie
1787 1748 1875 1781 hanc
1892 1749 2018 1781 cartam
2034 1747 2106 1781 fieri
2123 1741 2307 1782 iussam&

480 1813 661 1846 lnterfuere
686 1812 882 1845 Bertramus
906 1812 948 1845 de
974 1811 1157 1846 Cazabove
1182 1814 1214 1845 et
1239 1810 1410 1845 Guidetus
1434 1810 1628 1844 Manzonus
1652 1810 1731 1843 inde
1755 1811 1872 1843 testes.

569 1875 641 1918 Ego
666 1875 865 1908 Marchetus
889 1875 932 1908 de
957 1874 1116 1908 Verzario
1140 1875 1293 1908 notarius
1317 1872 1484 1908 Comunis
1501 1872 1607 1916 Papie
1625 1873 1712 1906 hanc
1730 1874 1856 1906 cartam
1881 1872 2083 1915 subscripsi.
2107 1871 2182 1916 Ego
2203 1870 2311 1910 Frua-

478 1939 653 1971 cischinus
678 1938 720 1971 de
745 1936 925 1980 Calegario
950 1938 1102 1971 notarius
1126 1935 1292 1971 Comunis
1316 1936 1423 1978 Papie
1447 1936 1535 1969 hanc
1559 1937 1685 1969 cartam
1709 1935 1807 1969 iussu
1831 1934 2056 1978 suprascripti
2078 1931 2310 1972 marchena

478 2001 637 2034 Verzario
662 2001 780 2034 notarii
806 1999 972 2034 Comunis
996 2000 1102 2042 Papie
1127 2000 1261 2042 scripsi.
2229 2001 2239 2007 ⁸
2259 2003 2262 2007 ’

537 2160 568 2188 (ι)
582 2161 723 2183 Idoneorum
738 2161 750 2182 ὲ
765 2161 853 2183 cattiva
877 2161 963 2182 lettura
977 2159 1041 2182 iorse
1054 2165 1098 2186 per
1119 2160 1287 2182 extraneorum
1308 2163 1375 2181 come
1429 2157 1478 2185 pub
1492 2157 1588 2180 dedursi
1602 2156 1640 2180 dal
1654 2157 1707 2180 doc.
1722 2162 1745 2179 n.
1759 2156 1850 2179 XXXV.
