2496 3600
1243 3 1252 10 κ
1276 0 1293 16 .·‚
1316 0 1342 18 z<
1349 0 1446 23 ww*
1487 0 1561 22 βψ
1569 0 1747 30 r-”fffeviffi-*frr
1753 0 1920 25 ΨΜσὲ

1418 24 1422 29 ι
1549 28 1552 30 »
1664 26 1665 29 ¹
1722 23 1724 27 ’
1829 34 1831 36 .
1891 28 1895 35 ⁴
1907 26 1911 27 ⁷

496 236 559 269 192

489 369 611 403 officiis
636 371 799 405 interesse
825 371 996 411 deberent,
1021 371 1120 404 etiam
1146 371 1174 404 si
1194 371 1289 404 >dicta
1314 370 1460 404 ecclesia
1484 370 1639 404 eiusdem
1665 371 1860 405 monasterii
1878 373 1911 405 et
1929 372 2123 406 huiusmodi
2149 355 2369 420 habitandi}

491 433 642 474 ipsorum
667 433 805 466 fratrum
830 433 914 466 foret
928 434 1012 466 intra
1030 433 1176 475 spatium
1195 431 1400 472 Cannarum,
1419 432 1504 466 infra
1521 433 1613 474 quod
1631 433 1811 467 ecclesiam
1836 434 1890 467 vel
1914 435 2096 468 oratorium
2121 443 2183 470 seu
2201 435 2313 471 locum

489 495 685 538 religiosum
709 499 767 529 aut
792 496 1034 529 habitationem
1071 496 1306 538 religiosorum
1343 504 1409 528 non
1446 495 1570 529 debere
1595 496 1744 530 construi
1782 497 1955 530 nonnullis
1979 497 2149 540 religiosis
2181 497 2312 532 mendi·

488 558 635 591 cantium
660 560 691 591 et
715 559 905 600 aliquorum
931 558 1072 591 aliorum
1098 558 1254 592 ordinum
1280 566 1339 600 per
1362 558 1506 600 spetiale
1541 559 1730 600 apostolice
1765 559 1860 592 sedis
1897 559 2110 603 privilegium
2145 562 2238 594 esset
2260 561 2356 597 in-

490 620 632 660 dultum,
669 620 815 662 talisque
841 629 945 662 super
970 621 1033 653 hoc
1057 621 1210 662 provisio
1227 620 1407 654 haberetur
1423 621 1516 663 quod
1540 621 1620 654 dicti
1646 619 1765 655 Abbas
1788 623 1820 654 et
1845 619 2009 656 Canonici
2035 624 2172 665 propter
2195 623 2314 658 huius-

489 683 578 716 modi
616 685 746 724 portam
782 683 972 716 faciendam
998 684 1030 715 et
1067 683 1310 716 habitationem
1335 683 1486 725 ipsorum
1512 683 1661 723 fratrum,
1686 686 1721 717 ut
1746 684 1956 726 premittitur,
1981 684 2231 728 disponendam
2255 694 2315 723 ne-

487 746 621 787 quirent
646 746 678 777 in
704 746 777 778 suis
803 746 1071 778 habitationibus
1097 745 1262 787 impediri,
1288 746 1348 779 sed
1374 746 1603 780 habitationes
1628 746 1795 780 dictorum
1831 746 1970 781 fratrum
1994 747 2039 781 ab
2063 748 2216 790 ipsorum
2240 747 2312 782 Ab·
2330 733 2373 769 ³¹3

488 809 576 841 batis
600 810 633 841 et
657 807 907 841 Canonicorum
941 808 1211 841 habitationibus
1246 811 1362 842 essent
1398 809 1543 842 discrete
1568 811 1601 842 et
1626 809 1658 842 in
1684 809 1831 843 diversis
1866 809 2064 844 reffectoriis
2095 811 2313 849 comederent
2337 826 2352 845 1

487 872 519 903 et
545 870 751 902 dormitoriis
776 870 959 903 dormirent
985 871 1029 903 hii
1055 874 1087 904 et
1112 870 1157 903 illi
1184 871 1216 903 in
1241 872 1315 904 suis
1340 871 1538 904 reffectoriis
1562 872 1741 914 separatis,
1766 872 1890 905 dictam
1930 874 2043 906 autem
2068 873 2318 914 habitationem,
2335 880 2353 907 ².

488 935 519 965 et
545 933 677 971 domos,
714 933 938 965 reffectorium
976 933 1105 966 scilicet
1129 935 1162 966 et
1186 933 1430 974 dormitorium,
1462 934 1658 974 claustrum,
1694 934 1826 968 hortum
1859 943 1935 968 curn
1960 934 2107 969 officinis
2131 935 2256 970 debitis
2279 929 2361 981 etg>

486 995 660 1027 consuetis
685 995 779 1027 iuxta
805 1004 929 1028 morem
954 995 1035 1028 dicti
1061 994 1201 1029 Ordinis
1226 995 1470 1029 Heremitarum
1496 996 1596 1029 iidem
1621 995 1741 1030 fratres
1765 997 1914 1030 construi
1939 997 2087 1031 facerent
2122 998 2196 1031 suis
2219 1006 2314 1032 sum—
2330 1008 2352 1018 -’

487 1057 602 1098 ptibus
628 1057 680 1090 vel
707 1057 903 1091 elemosinis
928 1058 1079 1091 fidelium
1115 1059 1248 1100 absque
1281 1067 1382 1091 onere
1409 1058 1560 1100 ipsorum
1593 1059 1728 1092 abbatis
1752 1061 1785 1092 et
1809 1060 2061 1100 canonicorum,
2085 1062 2186 1102 prout
2208 1060 2322 1097 dictis,
2349 1059 2355 1063 ”

487 1119 647 1152 fratribus
684 1118 853 1153 Dominus
889 1120 1103 1160 ministraret,
1128 1122 1160 1153 et
1184 1121 1420 1162 provideretur
1453 1121 1615 1154 attentius
1651 1121 1684 1154 in
1710 1121 1772 1154 hac
1797 1123 1892 1163 parte
1927 1122 2019 1164 quod
2051 1123 2080 1156 si
2105 1122 2234 1157 fundus
2256 1120 2313 1159 vel
2335 1126 2370 1167 ζ,Ἰ

486 1181 608 1221 solum,
636 1182 692 1214 ubi
717 1182 797 1215 dicti
823 1182 943 1215 fratres
969 1183 1150 1216 hedificare
1175 1183 1310 1223 vellent,
1335 1185 1427 1216 esset
1451 1183 1640 1225 aliquarum
1666 1185 1873 1226 privatarum
1899 1193 2120 1227 personarum
2134 1185 2188 1219 vei
2206 1185 2356 1225 ‹tileo-»2³2-

487 1246 595 1276 torum
621 1245 764 1277 filiorum
791 1246 947 1278 comunis
972 1254 1033 1278 seu
1059 1245 1265 1279 venerabilis
1290 1245 1402 1279 fratris
1420 1246 1524 1279 nostri
1539 1246 1694 1288 episcopi
1713 1247 1901 1289 papiensis,
1925 1249 1983 1280 aut
2000 1247 2139 1281 alterius
2155 1242 2374 1295 ecclesie,²²''?'

486 1307 673 1340 dummodo
697 1308 836 1349 aliquod
862 1308 953 1341 aliud
991 1309 1232 1341 monasterium
1259 1308 1311 1341 vel
1337 1309 1403 1341 alia
1441 1309 1586 1342 ecclesia
1611 1310 1693 1342 inibi
1731 1319 1798 1342 non
1834 1310 2007 1349 existeret,
2033 1310 2125 1343 illum
2151 1310 2204 1344 vel
2228 1310 2314 1346 iilud

487 1370 606 1411 prefati
643 1370 762 1403 fratres
798 1372 946 1403 emerent
971 1371 1024 1404 vel
1049 1371 1126 1404 aliis
1158 1372 1257 1404 iustis
1282 1372 1393 1404 modis
1417 1372 1630 1413 acquirerent
1654 1374 1687 1405 et
1711 1372 1837 1406 ibidem
1862 1372 2082 1406 hedificarent
2106 1373 2314 1419 huiusmody

488 1433 683 1474 sumptibus
708 1434 781 1465 suis
807 1433 859 1466 vel
885 1433 927 1466 de
953 1434 1039 1475 ipsis
1075 1434 1272 1467 elemosinis
1298 1436 1333 1466 ut
1358 1434 1534 1476 prefertur,
1558 1434 1587 1467 si
1614 1443 1694 1467 vero
1732 1435 1820 1468 idem
1856 1435 1984 1469 fundus
2019 1444 2081 1469 seu
2106 1435 2217 1470 solum
2240 1435 2315 1471 Ab·
2335 1435 2372 1481 ξ’

487 1495 576 1527 batis
601 1498 633 1527 et
658 1494 907 1528 Canonicorum
935 1497 1097 1529 existeret
1122 1497 1360 1538 predictorum,
1387 1497 1479 1530 illum
1506 1497 1558 1530 vei
1585 1497 1667 1530 illud
1693 1497 1913 1532 nihilominus
1949 1498 2030 1531 dicti
2066 1498 2187 1532 fratres
2221 1507 2314 1533 eme-

489 1559 560 1589 rent
586 1558 675 1590 iusto
700 1558 807 1599 pretio
832 1558 876 1590 ab
901 1559 1041 1598 eisdem,
1077 1559 1169 1600 quod
1207 1560 1235 1592 si
1271 1559 1356 1593 forte
1389 1559 1498 1592 abbas
1523 1562 1556 1592 et
1579 1560 1735 1593 canonici
1771 1560 1931 1594 antedicti
1956 1561 2146 1602 predictum
2169 1554 2365 1598 fundum-¹³·

487 1628 548 1652 seu
574 1620 684 1652 solum
710 1629 772 1661 pro
797 1621 897 1660 iusto,
924 1622 959 1653 ut
984 1621 1194 1662 premittitur,
1219 1622 1327 1663 pretio
1341 1621 1467 1655 nollent
1481 1622 1628 1655 vendere
1654 1622 1814 1655 fratribus
1839 1623 2043 1663 memoratis,
2056 1631 2117 1656 eos
2129 1623 2173 1657 ad
2191 1623 2225 1657 id
2241 1632 2315 1658 mo-
2332 1648 2340 1659 ,

491 1682 617 1715 nitione
642 1683 809 1724 premissa
846 1692 906 1724 per
941 1692 1120 1716 censuram
1157 1684 1433 1724 ecclesiasticam,
1473 1684 1609 1717 sublato
1634 1678 1875 1727 appellationis
1899 1685 2089 1726 obstaculo,
2113 1685 2315 1722 auctoritate
2333 1699 2367 1733 ᾗ

490 1745 680 1786 apostolica
706 1745 857 1777 decernit
882 1746 1149 1787 compellendos.

578 1806 611 1839 ln
637 1808 763 1840 divinis
788 1810 899 1840 autem
925 1808 1047 1841 officiis
1072 1809 1209 1841 modum
1235 1810 1362 1842 servari
1388 1809 1495 1842 voluit
1519 1810 1608 1843 idem
1633 1810 1857 1852 predecessor
1881 1810 2160 1852 subsequentem,
2184 1798 2363 1862 εκιίΙὶςιεῐΛἸ

489 1870 580 1911 quod
607 1879 682 1902 cum
707 1872 774 1903 tam
800 1871 952 1903 canonici
979 1880 1080 1912 quarn
1105 1871 1225 1904 fratres
1250 1872 1391 1914 predicti
1417 1872 1591 1905 conforme
1616 1873 1769 1906 divinum
1807 1873 1956 1906 officium
1991 1873 2141 1907 dicerent
2179 1867 2317 1918 hahere,

489 1933 554 1973 ipsi
580 1933 733 1965 canonici
759 1935 791 1966 et
815 1933 935 1966 fratres
961 1934 1096 1966 insimul
1122 1935 1251 1967 eisdem
1277 1935 1499 1976 temporibus,
1526 1935 1611 1968 locis
1635 1937 1667 1968 et
1692 1936 1785 1969 horis
1809 1945 1955 1978 pensum
1994 1936 2108 1970 debite
2143 1937 2322 1972 servitutis
2345 1946 2374 1957 ·’

490 1994 636 2027 Domino
662 1996 803 2028 soluturi
830 1997 1050 2029 convenirent
1076 1998 1107 2029 in
1133 1997 1279 2030 ecclesia
1304 1999 1487 2031 memorata
1523 1999 1717 2031 monasterii
1755 1999 1908 2040 predicti,
1934 1999 1978 2032 ita
2003 1997 2102 2041 quod'
2122 1999 2154 2032 in
2179 1999 2238 2033 illa
2271 1999 2318 2034 ιώ·
2352 2000 2383 2038 'j

489 2058 539 2090 eis
565 2067 630 2090 non
657 2058 804 2091 diversis
829 2059 890 2091 sed
917 2059 1045 2091 eisdem
1059 2060 1283 2101 temporibus,
1309 2060 1393 2093 locis
1417 2062 1449 2093 et
1474 2061 1566 2093 horis
1591 2061 1672 2094 hore
1697 2061 1859 2095 canonice
1883 2063 1916 2095 et
1940 2062 2045 2095 misse
2070 2062 2240 2096 solemnes
2263 2070 2320 2096 ce-
2355 2061 2370 2100 ὲ

491 2120 709 2160 lebrarentur,
735 2123 886 2154 secretas
911 2124 1023 2154 autem
1049 2122 1174 2155 missas
1199 2123 1279 2155 dicti
1311 2121 1476 2156 Canonici
1506 2125 1538 2156 et
1563 2123 1696 2157 Fratres
1732 2123 1844 2166 legere
1880 2126 2022 2166 possent
2057 2126 2159 2166 prout
2194 2124 2324 2158 vellent
2347 2119 2380 2160 ³,

492 2183 679 2222 honestate,
705 2184 859 2216 decentia
884 2186 916 2216 et
940 2185 1129 2226 aptitudine
1154 2185 1217 2217 loci
1243 2187 1275 2218 et
1299 2186 1462 2227 temporis
1487 2186 1694 2219 observatis:
1721 2187 1828 2219 voluit
1851 2187 1951 2220 etiam
1985 2187 2059 2229 ipse
2094 2187 2320 2229 predecessor
2347 2175 2382 2231 ᾗ

492 2247 526 2278 ut
551 2246 579 2277 si
606 2246 724 2278 altaria
750 2246 782 2278 in
808 2246 900 2278 dicto
926 2248 1132 2279 monasterio
1169 2248 1233 2280 iam
1259 2250 1388 2281 errecta
1413 2250 1527 2281 essent
1562 2248 1698 2290 equalia
1734 2258 1884 2288 numero,
1910 2258 1976 2282 una
2001 2247 2186 2283 Canonicis
2210 2252 2244 2283 et
2267 2258 2320 2283 re-

493 2307 585 2349 liqua
611 2308 775 2341 medietas
801 2309 984 2341 eorundem
1010 2309 1170 2342 fratribus
1196 2310 1323 2351 paratis
1349 2320 1410 2352 pro
1443 2310 1597 2353 legendis
1633 2311 1748 2344 missis
1785 2311 1979 2345 huiusmodi
2004 2312 2246 2354 assignaretur.
2266 2309 2318 2346 ‘Si
2344 2347 2352 2354 μ,

493 2378 574 2402 vero
599 2370 784 2403 existerent
810 2371 979 2412 inequalia
1005 2381 1145 2404 numero
1170 2373 1277 2405 maior
1301 2381 1382 2414 pars
1406 2382 1522 2406 eorum
1547 2373 1590 2406 ad
1616 2373 1648 2406 id
1674 2373 1894 2416 deputaretur
1917 2373 2078 2407 fratribus
2114 2374 2319 2409 memoratis.

493 2432 533 2464 Et
558 2433 638 2473 quia
664 2433 752 2465 idem
778 2433 887 2466 abbas
912 2434 1082 2475 antiquior
1107 2435 1139 2466 in
1166 2435 1241 2467 loco
1265 2437 1297 2468 et
1322 2436 1485 2477 dignitate
1510 2436 1617 2468 maior
1629 2436 1810 2476 existebat,
1835 2437 1945 2470 abbas
1969 2437 2027 2478 qui
2051 2439 2144 2470 esset
2159 2445 2223 2479 pro
2237 2438 2324 2471 tem-
2347 2432 2382 2486 {²-

494 2504 585 2536 pore,
611 2495 696 2528 foret
722 2496 754 2527 in
780 2496 1067 2529 celebrationibus
1093 2498 1272 2530 missarum
1298 2500 1330 2530 et
1361 2498 1652 2539 predicationibus
1677 2499 1710 2531 in
1734 2499 1866 2532 Natalis
1902 2498 2037 2532 Domini
2062 2502 2095 2532 et
2119 2499 2321 2542 Epiphanie.

497 2557 675 2591 Dominice
702 2559 733 2590 in
760 2559 862 2591 ramis
888 2559 1086 2601 palmarum,
1113 2559 1401 2594 Ressurrectionis
1426 2563 1458 2594 et
1483 2560 1706 2594 Assensionis
1731 2560 1920 2602 Dominice,
1959 2561 2192 2602 Pentecostes,
2227 2551 2378 2605 Nati-‘ff

495 2621 609 2652 vitatis
635 2620 723 2653 beati
750 2620 909 2654 Iohannis
942 2621 1095 2663 Baptiste
1120 2624 1151 2654 et
1177 2623 1208 2654 in
1235 2623 1394 2656 omnibus
1420 2626 1451 2656 et
1475 2623 1621 2665 singulis
1657 2626 1851 2657 sanctorum
1877 2623 1967 2657 Petri
1993 2626 2025 2657 et
2049 2623 2146 2657 Pauli
2181 2626 2322 2666 aposto-
2338 2612 2377 2655 Ῐ

498 2683 617 2721 lorum,
643 2682 900 2725 Assumptionis
925 2686 957 2716 et
982 2685 1142 2717 omnibus
1167 2685 1242 2717 aliis
1268 2684 1371 2718 Beate
1398 2685 1546 2728 Virginis
1575 2686 1784 2733 etneiusdem
1809 2686 1918 2719 sancti
1944 2685 2137 2729 Augustini,
2161 2685 2377 2735 Omnium

496 2743 707 2784 Sanctorum,
733 2744 1011 2778 Consecrationis
1037 2755 1097 2779 seu
1124 2746 1359 2780 Dedicationis
1393 2747 1546 2781 Ecclesie
1585 2748 1664 2781 dicti
1701 2748 1901 2781 Monasterii
1927 2750 1960 2781 et
1984 2749 2016 2781 in
2042 2736 2201 2782 omnibus
2236 2746 2324 2782 San-

497 2809 624 2839 ctorum
651 2807 914 2841 solemnioribus
940 2809 1093 2841 eiusdem
1119 2810 1313 2842 monasterii
1339 2809 1582 2843 festivitatibus
1606 2811 1734 2852 quibus
1750 2810 1936 2853 spetialiter
1949 2811 2127 2843 consuevit
2144 2800 2379 2855 multitudo}

498 2869 647 2901 fidelium
674 2871 857 2903 convenire
883 2871 916 2903 in
941 2871 1088 2904 ecclesia
1113 2872 1193 2904 dicti
1231 2873 1425 2905 monasterii
1462 2872 1666 2914 preferretur
1689 2875 1724 2905 ut
1749 2873 1887 2906 missam
1924 2873 2162 2906 solemniorem
2198 2859 2378 2925 diebusjg

498 2932 691 2964 huiusmodi
718 2934 904 2966 celebraret
930 2936 962 2966 et
986 2934 1018 2966 in
1044 2934 1239 2967 solemniori
1266 2935 1496 2976 predicatione
1522 2936 1607 2976 ipsis
1632 2935 1732 2968 etiarn
1757 2935 1881 2969 diebus
1906 2935 2095 2977 predicaret
2119 2936 2148 2969 si
2166 2936 2230 2968 hoc
2253 2931 2379 2970 vei-

498 2993 541 3025 let
567 2994 654 3026 idem
681 2994 809 3027 Abbas.
836 2994 870 3028 Si
896 2998 1008 3029 autem
1034 2996 1206 3029 celebrare
1231 2999 1289 3029 aut
1313 2997 1488 3039 predicare
1514 2998 1666 3039 nequiret
1691 2997 1744 3030 vel
1770 2997 1874 3031 nollet
1897 2998 1971 3040 ipse
1996 2997 2126 3038 Abbas,
2151 2998 2227 3031 loco
2249 2998 2326 3031 eius

498 3056 526 3088 si
552 3058 662 3088 tamen
689 3058 929 3090 monasterium
956 3059 1067 3100 ipsum
1093 3058 1242 3092 Priorem
1269 3060 1482 3092 claustralem
1510 3060 1657 3099 haberet,
1683 3060 1757 3101 ipse
1771 3058 1868 3093 Prior
1879 3059 2070 3093 claustralis
2084 3061 2116 3093 in
2132 3060 2324 3093 huiusmodi
2350 3048 2378 3100 ’ἷς

499 3118 725 3151 celebratione
751 3122 808 3151 aut
833 3120 1064 3160 predicatione
1093 3122 1303 3161 succederet,
1329 3131 1398 3163 quo
1423 3122 1593 3164 siquidem
1618 3121 1733 3155 Priore
1750 3122 1922 3156 claustrali
1939 3123 1968 3156 si
1986 3131 2062 3155 eurn
2085 3123 2326 3156 monasterium
2356 3107 2370 3134 ⁴³
