2496 3600
484 229 548 263 106

475 367 545 398 tum
570 367 717 408 possunt
741 365 783 399 de
809 365 892 405 iure,
915 364 1027 398 eidem
1051 363 1159 398 Priori
1185 364 1360 406 recipienti
1385 365 1419 398 et
1442 363 1618 407 stipulanti
1643 365 1780 399 nomine
1804 365 1886 399 dicti
1911 366 2103 399 conventus
2130 364 2310 408 papiensis

475 428 555 462 dicti
595 428 726 461 ordinis
765 427 1022 468 Heremitarum,
1062 426 1197 461 solvere
1237 428 1270 460 et
1309 427 1486 461 restituere
1537 427 1786 469 promisserunt
1809 427 1911 461 simul
1935 436 2014 462 cum
2037 427 2204 470 expensis
2235 435 2311 462 om·

476 491 578 524 nibus
603 493 635 524 et
660 490 816 533 singulis,
840 499 906 532 que
935 490 1054 523 fierent
1078 489 1181 522 modo
1216 488 1332 531 aliquo
1357 497 1420 531 pro
1443 489 1606 531 predictis
1630 491 1664 523 et
1687 489 1833 533 singulis
1862 489 2020 532 petendis
2055 491 2088 524 et
2116 489 2310 533 exigendis.

475 552 659 587 Credendo
682 553 795 596 agenti
821 553 956 585 nomine
981 552 1062 585 dicti
1087 552 1279 584 conventus
1304 550 1472 584 dictorum
1497 550 1648 585 Fratrum
1674 551 1920 586 Heremitarum
1946 552 1979 585 in
2003 552 2080 586 eius
2114 551 2208 586 dicto
2235 552 2311 587 sine

475 618 690 650 sacramento
714 615 872 648 faciendo
896 615 939 647 de
963 614 1129 656 expensis
1154 613 1232 646 inde
1257 613 1357 646 factis
1381 615 1482 656 prout
1506 613 1646 648 domino
1670 613 1796 648 Abbati
1820 612 2064 648 et·Canonicis
2087 614 2169 648 dicti
2193 622 2313 648 mona-
2377 631 2390 649 -j

477 679 569 712 sterii
606 678 740 711 dixerit.
767 677 807 710 Et
832 686 894 719 pro
929 676 1094 719 predictis
1118 676 1280 709 omnibus
1304 677 1337 709 et
1364 675 1510 719 singulis
1549 676 1779 717 attendendis,
1818 676 1997 710 solvendis
2020 678 2054 710 et
2081 676 2312 711 observandis

475 741 556 774 dicti
582 741 742 774 dominus
767 739 886 772 Abbas
911 741 944 772 et
968 737 1134 772 Canonici
1159 738 1296 772 nomine
1320 738 1402 771 dicti
1427 739 1635 780 monasterii,
1652 739 1681 772 si
1699 739 1783 772 etin
1807 740 1971 781 quantum
1995 740 2143 782 possunt
2165 738 2210 772 de
2227 738 2311 780 iure,
2369 757 2381 785 '.

476 804 715 846 obligaverunt
739 802 853 835 omnia
878 802 968 834 bona
992 801 1073 834 dicti
1099 800 1295 834 monasterii
1319 801 1431 834 eidem
1456 800 1564 834 Priori
1589 801 1765 844 recipienti
1790 802 1928 835 nomine
1944 801 2026 835 dicti
2043 802 2235 835 conventus
2250 809 2314 844 pa·

474 867 605 908 piensis
630 865 711 898 dieti
737 865 868 898 ordinis
893 864 1151 897 Heremitarum.
1177 862 1253 902 Que
1278 864 1380 904 bona,
1405 865 1506 905 prout
1530 863 1717 906 predicitur
1740 863 1903 907 obligata,
1920 863 2002 897 dicti
2015 863 2176 897 dominus
2199 863 2312 898 abbas

475 931 508 961 et
533 928 687 961 canonici
714 928 742 960 si
768 929 800 960 et
826 927 858 959 in
884 928 1048 968 quantum
1073 926 1124 959 eis
1148 926 1348 960 conceditur
1370 925 1414 958 de
1438 926 1521 965 iure,
1557 925 1806 959 constituerunt
1841 934 1879 959 se
1914 927 2029 959 tenere
2063 927 2097 959 et
2131 925 2313 968 possidere
2347 918 2385 974 ‘fs

475 991 630 1032 precario
655 990 790 1022 nomine
815 989 983 1022 dictorum
1008 987 1136 1022 Prioris
1161 990 1194 1022 et
1219 988 1371 1022 Fratrum
1396 988 1478 1022 dicti
1514 989 1707 1022 conventus
1742 988 1921 1030 papiensis
1955 988 2087 1021 ordinis
2122 987 2315 1022 Heremita-

477 1063 558 1086 rum.
586 1052 634 1085 Eo
660 1052 762 1085 modo
787 1052 958 1091 videlicet,
983 1052 1012 1084 si
1037 1060 1099 1093 per
1123 1051 1220 1093 ipsos
1244 1051 1419 1084 dominum
1455 1050 1614 1084 abbatem
1639 1052 1673 1084 et
1696 1051 1883 1084 canonicos
1918 1050 2054 1084 nomine
2078 1050 2160 1084 dicti
2195 1058 2316 1084 mona—

476 1117 568 1148 sterii
594 1115 748 1158 predicta
779 1115 894 1147 omnia
918 1116 951 1147 et
975 1113 1110 1156 singula
1135 1123 1203 1147 non
1226 1113 1351 1147 fuerint
1386 1113 1551 1147 attendita
1575 1115 1608 1147 et
1631 1113 1816 1147 observata
1840 1113 1872 1146 in
1897 1113 2059 1146 omnibus
2081 1114 2116 1146 et
2139 1121 2201 1155 per
2238 1121 2315 1147 om-
2330 1125 2385 1153 -ς

477 1179 531 1211 nia
557 1180 658 1220 prout
682 1178 842 1220 superius
867 1179 947 1210 sunt
971 1177 1152 1219 promissa,
1178 1177 1271 1219 quod
1296 1178 1376 1210 tunc
1402 1176 1501 1210 liceat
1525 1175 1633 1209 Priori
1658 1178 1691 1209 et
1715 1175 1890 1210 Fratribus
1913 1176 1995 1210 dicti
2030 1177 2223 1210 conventus
2257 1184 2315 1210 or·-
2351 1173 2371 1184 ”
2409 1219 2411 1222 ι

476 1241 567 1272 dinis
593 1240 837 1272 Heremitarum
863 1248 926 1272 sua
951 1239 1088 1281 propria
1112 1239 1309 1271 auctoritate
1327 1239 1449 1271 intrare
1465 1239 1498 1271 et
1514 1238 1770 1280 apprehendere
1785 1239 1937 1271 tenutam
1955 1239 1988 1271 et
2003 1238 2214 1280 corporalem
2230 1244 2315 1280 ροῦ-
2357 1228 2382 1284 [ἡ

475 1303 666 1335 sessionem
684 1302 850 1334 dictorum
868 1301 1034 1334 bonorum
1052 1302 1084 1334 et
1101 1310 1245 1343 quorum
1263 1309 1306 1334 ex
1324 1301 1410 1342 ipsis
1427 1301 1537 1343 magis
1555 1300 1733 1340 voluerint,
1750 1302 1783 1333 et
1799 1301 1876 1343 ipsa
1890 1300 1981 1334 bona
2005 1301 2038 1334 et
2061 1309 2129 1342 que
2152 1309 2195 1334 ex
2221 1300 2311 1343 ipsis

477 1366 586 1407 magis
611 1364 780 1397 voluerint
804 1364 973 1397 vendendi
999 1363 1168 1396 alienandi
1194 1364 1268 1396 sive
1293 1363 1326 1396 in
1351 1372 1389 1396 se
1413 1363 1576 1396 retinendi
1601 1364 1635 1396 et
1657 1363 1821 1405 quicquid
1847 1363 2015 1396 voluerint
2039 1362 2185 1396 faciendi
2203 1370 2317 1406 usque
2346 1352 2348 1354 ζ

480 1427 522 1460 ad
550 1427 712 1469 integram
738 1427 947 1459 solucionem
972 1427 1004 1459 et
1029 1426 1295 1459 satisfactionem
1319 1425 1554 1468 predictorum
1578 1426 1729 1458 omnium
1753 1427 1786 1458 et
1809 1425 2032 1468 singulorum,
2057 1434 2100 1458 ex
2117 1434 2208 1459 nunc
2231 1419 2314 1460 dieti

478 1490 638 1535 dominus
663 1489 772 1522 abbas
797 1490 829 1522 et
853 1489 1005 1521 canonici
1043 1488 1178 1521 nomine
1202 1488 1282 1520 dicti
1307 1487 1506 1521 Monasterii
1539 1488 1648 1521 eidem
1684 1487 1790 1521 Priori
1827 1488 1962 1521 nomine
1997 1488 2077 1521 dicti
2113 1485 2316 1522 eonvennoe

474 1552 654 1594 papiensis
679 1552 758 1584 dicti
784 1552 913 1584 ordinis
939 1551 1193 1590 Heremitarum‚
1218 1551 1246 1583 si
1271 1551 1304 1583 et
1328 1551 1361 1583 in
1386 1552 1550 1592 quantum
1574 1551 1624 1584 eis
1649 1551 1850 1593 permittitur
1872 1559 1892 1583 a
1917 1551 1998 1591 iure,
2016 1551 2189 1584 licenciam
2206 1551 2318 1585 etan-
2343 1535 2372 1589 ¹1²³,

479 1616 664 1648 ctoritatem
706 1614 934 1647 omnimodam
971 1614 1136 1646 dederunt
1160 1615 1192 1646 et
1216 1615 1467 1646 concesserunt.
1504 1612 1615 1652 Quam
1651 1613 1788 1655 quidem
1821 1602 2053 1646 venditionem
2078 1614 2111 1646 et
2134 1613 2249 1658 omnia
2281 1612 2318 1648 'et

479 1678 614 1719 singula
639 1677 873 1719 suprascripta
898 1677 977 1708 dicti
1014 1676 1174 1709 dominus
1199 1675 1318 1708 Abbas
1343 1677 1375 1709 et
1399 1674 1563 1709 Canonici
1589 1676 1739 1709 iecerunt
1762 1676 1792 1709 si
1817 1678 1849 1709 et
1873 1676 1906 1708 in
1931 1675 2312 1718 quantumdebuerunt

477 1742 510 1773 et
535 1741 715 1782 potuerunt
739 1740 781 1772 de
807 1740 877 1772 iure
902 1741 933 1771 et
958 1739 1008 1771 eis
1033 1739 1106 1771 sine
1142 1738 1286 1771 alicuius
1322 1739 1473 1780 ipsorum
1510 1738 1699 1780 preiudicio
1734 1738 1983 1772 concedebatur
2005 1739 2039 1771 et
2061 1738 2257 1772 conceditur
2290 1745 2313 1772 a

479 1804 549 1835 iure
574 1804 606 1835 et
630 1811 703 1835 eam
729 1803 760 1834 et
785 1810 823 1834 ea
849 1801 1103 1842 suprascriptus
1128 1799 1224 1833 Prior
1247 1801 1382 1833 nomine
1406 1801 1628 1843 suprascripti
1669 1802 1858 1834 conventus
1893 1801 2058 1834 dictorum
2094 1799 2246 1833 Fratrum
2281 1800 2315 1834 et

477 1866 607 1898 ordinis
633 1864 876 1897 Heremitarum
901 1864 944 1896 de
969 1872 1138 1896 consensu
1164 1863 1314 1895 omnium
1339 1863 1477 1896 fratrum
1494 1863 1574 1896 dicti
1591 1865 1780 1896 conventus
1797 1863 1842 1896 ibi
1861 1863 2075 1905 presencium
2092 1863 2229 1905 recepit,
2245 1861 2314 1897 sub
2341 1864 2371 1905 g>

477 1928 534 1960 tali
561 1929 592 1960 et
618 1936 695 1959 cum
720 1927 777 1959 tali
804 1927 914 1968 pacto,
950 1927 1065 1959 tenore
1089 1927 1121 1958 et
1145 1925 1338 1958 conditione
1373 1925 1540 1966 videlicet,
1569 1926 1662 1967 quod
1687 1926 1720 1958 in
1745 1926 1844 1959 dictis
1881 1926 2028 1958 brachiis
2063 1925 2216 1968 quinque
2249 1933 2313 1959 sus

479 1991 593 2032 perius
619 1990 766 2022 venditis
791 1998 833 2021 ex
859 1989 971 2028 domo,
997 1988 1103 2020 fondo
1127 1989 1159 2020 et
1183 1988 1258 2021 solo
1294 1988 1454 2030 predictis
1482 1988 1648 2021 deversus
1672 1997 1749 2021 sero
1774 1989 1807 2021 in
1831 1988 1898 2021 fine
1922 1988 2074 2030 ipsorum
2098 1987 2314 2021 brachiorum

479 2053 642 2094 quinque,
669 2052 752 2084 inter
777 2052 852 2092 ipsa
878 2051 1015 2083 brachia
1040 2051 1191 2092 quinque
1215 2051 1374 2092 superius
1399 2050 1536 2083 vendita
1560 2051 1592 2083 et
1616 2050 1780 2092 reliquam
1805 2051 1933 2092 partem
1958 2050 2068 2092 ipsius
2092 2049 2216 2083 domus
2251 2057 2314 2084 seu
2338 2058 2379 2097 gs

479 2115 619 2153 caxelle,
645 2123 711 2155 que
735 2114 884 2146 remanet
908 2113 1074 2145 deversus
1099 2121 1175 2145 sero
1199 2112 1298 2145 dictis
1323 2112 1461 2145 domino
1496 2112 1611 2146 abbati
1637 2113 1669 2145 et
1693 2113 1865 2145 canonicis
1890 2121 1952 2154 pro
1975 2121 2091 2145 eorum
2115 2113 2148 2145 et
2170 2111 2317 2145 familia-

479 2178 563 2209 rium
589 2185 727 2209 suorum
754 2175 972 2214 habitatione,
997 2175 1076 2207 dicti
1102 2174 1198 2207 Prior
1222 2176 1254 2207 et
1278 2174 1410 2207 Fratres
1435 2174 1514 2207 dicti
1539 2173 1739 2208 Conventus
1775 2175 1854 2207 dicti
1891 2173 2031 2208 Ordinis
2067 2173 2312 2208 Heremitarum
2342 2175 2385 2222 ’ξ-

478 2241 655 2271 teneantur
679 2240 711 2270 et
735 2238 881 2270 debeant
909 2247 1023 2270 eorum
1065 2238 1211 2279 propriis
1247 2237 1442 2279 sumptibus
1467 2238 1500 2270 et
1523 2238 1687 2279 expensis
1721 2237 1792 2270 fieri
1829 2237 1939 2270 facere
1975 2245 2078 2269 unum
2103 2244 2235 2269 murum
2269 2225 2372 2285 der?

478 2303 624 2343 quatuor
648 2301 744 2333 testis
769 2300 811 2332 de
837 2300 1011 2341 lapidibus
1037 2301 1068 2332 et
1093 2300 1222 2332 calcina
1246 2301 1278 2332 et
1302 2300 1395 2341 quod
1420 2300 1494 2341 ipse
1519 2308 1636 2333 murus
1661 2301 1705 2332 sit
1729 2301 1761 2332 et
1784 2308 1862 2333 esse
1886 2299 2010 2332 debeat
2038 2299 2195 2332 comunis
2219 2299 2324 2341 ipso--

480 2373 550 2395 rum
576 2363 703 2395 domini
729 2361 874 2394 Abbatis
899 2364 931 2394 et
955 2360 1204 2395 Canonicorum
1242 2362 1376 2395 nomine
1400 2362 1480 2394 dicti
1506 2362 1705 2395 Monasterii
1730 2363 1762 2395 et
1787 2362 1897 2404 ipsius
1933 2361 2126 2394 monasterii
2150 2362 2184 2394 et
2206 2360 2317 2401 dicto-
2360 2375 2385 2402 15.

479 2436 550 2458 rum
576 2425 702 2458 Prioris
728 2427 759 2458 et
784 2425 934 2457 Fratrum
960 2425 1039 2457 dicti
1065 2423 1264 2457 Conventus
1289 2425 1454 2457 dictorum
1481 2424 1631 2457 Fratrum
1656 2425 1735 2457 dicti
1761 2425 1890 2457 ordinis
1926 2424 2180 2457 Heremitarum.
2216 2422 2316 2457 Libe·-
2338 2414 2389 2465 'fis

479 2491 591 2521 rantes
616 2490 648 2521 et
672 2488 891 2520 absolventes
916 2488 981 2528 ipsi
1007 2487 1134 2519 domini
1160 2487 1269 2519 abbas
1294 2489 1326 2519 et
1350 2487 1503 2519 canonici
1529 2487 1664 2519 nomine
1688 2487 1768 2519 dicti
1793 2487 1993 2519 Monasterii
2019 2486 2190 2528 predictos
2217 2484 2316 2519 Prio-
2338 2476 2366 2512 [ζ

479 2561 546 2584 rem
572 2554 604 2584 et
629 2551 760 2583 Fratres
785 2549 924 2583 Ordinis
950 2549 1192 2582 Heremitarum
1218 2550 1260 2582 de
1285 2550 1342 2582 illo
1366 2551 1398 2582 et
1422 2550 1466 2582 ab
1491 2550 1548 2582 illo
1572 2559 1668 2582 muro
1707 2558 1770 2582 sex
1805 2551 1966 2582 testarum
2003 2557 2103 2590 quem
2139 2548 2206 2590 ipsi
2240 2546 2312 2581 fieri

480 2614 588 2646 facere
612 2613 812 2645 tenebantur
837 2613 869 2644 in
894 2612 993 2644 dictis
1019 2612 1166 2644 brachiis
1191 2614 1267 2644 octo
1292 2613 1324 2644 et
1348 2613 1467 2653 quarta
1493 2621 1560 2644 una
1584 2612 1674 2645 aliax
1707 2611 1855 2644 venditis
1880 2612 1916 2644 ut
1939 2619 2054 2652 supra.
2090 2609 2202 2649 Quam
2236 2608 2353 2644 rell-

479 2685 580 2717 quam
606 2677 734 2717 partem
760 2676 869 2717 ipsius
894 2675 1017 2707 domus
1042 2683 1103 2707 seu
1129 2674 1268 2714 caxelle,
1282 2683 1349 2716 que
1373 2676 1522 2707 remanet
1545 2675 1712 2707 deversus
1736 2683 1813 2707 sero
1837 2674 1923 2706 ultra
1950 2674 2040 2706 dicta
2058 2673 2196 2706 brachia
2212 2672 2352 2714 quiu-

479 2747 545 2778 que
571 2738 717 2777 vendita‚
731 2737 842 2769 dictus
868 2736 963 2769 Prior
987 2737 1203 2778 presentibus
1228 2736 1422 2769 volentibus
1447 2738 1478 2769 et
1503 2737 1531 2769 ei
1557 2736 1854 2769 consencientibus
1882 2736 2043 2778 predictis
2060 2735 2133 2768 suis
2150 2731 2349 2768 fratribus

479 2800 638 2832 omnibus
663 2802 694 2832 et
718 2799 863 2841 singulis
888 2800 966 2831 dicti
993 2797 1191 2832 Conventus
1218 2799 1459 2831 Heremitarum
1485 2801 1517 2831 et
1541 2799 1606 2841 ipsi
1632 2799 1751 2832 fratres
1775 2807 1894 2831 omnes
1917 2800 1950 2831 et
1973 2798 2098 2840 singuli
2122 2798 2203 2830 dicti
2219 2786 2352 2843 con-35}

480 2864 601 2894 ventus
635 2861 877 2894 Heremitarum
914 2862 1083 2901 dixerunt,
1120 2861 1268 2894 confessi
1294 2863 1326 2894 et
1351 2862 1525 2903 protestati
1555 2861 1689 2894 fuerunt
1713 2863 1746 2894 et
1769 2861 1895 2900 dicunt,
1920 2861 2120 2893 confitentur
2143 2861 2175 2892 et
2199 2849 2360 2901 prote*-

480 2926 610 2955 stantur
635 2933 711 2956 esse
737 2924 978 2956 habitationem
1003 2925 1035 2956 et
1059 2933 1120 2965 pro
1158 2924 1364 2956 habitatione
1389 2924 1554 2956 dictorum
1587 2924 1722 2956 abbatis
1747 2925 1779 2956 et
1803 2923 2041 2956 canonicorum
2066 2924 2099 2955 et
2121 2922 2201 2954 dicti
2234 2914 2378 2959 Μαι-’ἶἶιῖ

481 2986 615 3018 nasterii
653 2988 684 3018 et
720 2986 933 3018 familiarium
970 2995 1119 3019 suorum.
1146 2985 1382 3019 Promittentes
1418 2995 1478 3028 per
1513 2988 1647 3027 pactum
1683 2986 1784 3019 dictis
1819 2985 1958 3018 domino
1993 2984 2118 3017 Abbati
2142 2986 2175 3017 et
2198 2982 2314 3017 Cano-

481 3049 565 3080 nicis
602 3057 715 3080 eorum
753 3049 887 3081 nomine
923 3050 954 3081 et
990 3049 1125 3081 nomine
1157 3049 1236 3081 dicti
1274 3048 1472 3081 Monasterii
1509 3048 1601 3089 quod
1637 3048 1680 3080 de
1709 3049 1819 3080 cetero
1843 3047 1912 3080 ullo
1936 3048 2086 3088 tempore
2111 3056 2171 3088 per
2194 3055 2232 3079 se
2255 3045 2309 3079 vel
2337 3038 2373 3096 ν

478 3110 582 3142 alium
608 3119 668 3142 seu
694 3110 779 3142 alios
804 3119 871 3142 non
897 3111 1125 3143 molestabunt
1149 3120 1210 3143 nec
1235 3111 1471 3152 inquietabunt
1495 3119 1556 3143 nec
1579 3110 1764 3143 turbabunt
1788 3118 1852 3143 nec
1882 3109 1925 3142 ad
1951 3109 2111 3142 iudicium
2137 3109 2309 3142 vocabunt
