2496 3600
499 221 564 255 104

491 368 524 400 et
549 369 668 409 quarta
694 376 761 401 una
786 368 935 401 venditis
959 376 1049 401 anno
1078 367 1234 409 proxime
1270 367 1442 409 preterito,
1466 366 1522 400 die
1547 368 1672 400 octavo
1696 366 1901 407 decembris,
1925 375 1988 409 per
2010 366 2122 401 dictos
2147 366 2263 401 domin

492 428 660 463 Abbatem
685 432 718 464 et
742 428 939 464 Canonicos
963 430 1038 463 eius
1062 429 1143 463 dicti
1169 428 1371 462 Monasterii
1395 427 1511 462 Sancti
1536 427 1638 468 Petri,
1662 427 1770 462 Priori
1795 427 1936 463 Ordinis
1960 428 2111 463 Fratrum
2136 427 2271 463 Heremi

491 501 563 524 rum
589 490 703 526 Sancti
730 492 911 535 Augustini
937 493 979 526 de
1005 491 1113 534 Papia
1138 492 1274 525 nomine
1299 491 1380 524 dicti
1406 489 1547 525 Ordinis
1571 493 1604 524 et
1628 489 1830 525 Conventus
1855 490 2101 525 Heremitarum
2118 500 2180 535 per
2195 493 2288 526 carta

491 555 569 588 inde
595 555 724 588 iussam
750 554 909 598 Roglerio
933 553 1130 596 Strazapate
1156 554 1298 593 notarie,
1323 562 1390 596 que
1415 552 1555 587 brachia
1579 553 1731 596 quinque
1755 555 1836 587 sunt
1859 553 2028 588 deversus
2067 554 2242 588 meridiem
2277 541 2380 592 aba?

490 626 556 650 una
581 620 676 659 parte
701 619 733 650 et
757 618 926 650 deversus
951 617 1227 659 septemtrionem
1253 616 1296 649 ab
1321 616 1399 656 alia,
1424 616 1621 658 incipiendo
1645 618 1678 649 et
1702 616 1905 659 accipiendo
1929 616 2021 650 dicta
2045 617 2184 651 brachia
2223 617 2325 660 quin·
2342 604 2374 665 j

487 689 555 722 que
581 680 774 713 immediate
799 682 878 722 post
903 679 994 712 dicta
1020 679 1159 712 brachia
1183 681 1262 712 octo
1287 680 1319 712 et
1344 680 1498 721 quartam
1525 687 1626 712 unam
1651 678 1790 712 vendita
1814 681 1851 712 ut
1875 687 1990 721 supra,
2014 681 2048 713 et
2061 679 2175 713 eundo
2199 687 2360 720 versut>

488 750 566 774 sero
590 751 633 774 ex
660 742 750 775 dicta
775 742 878 774 domo
903 750 964 774 seu
991 741 1124 774 caxella
1149 740 1224 774 solo
1249 742 1282 774 et
1305 740 1411 774 fondo
1436 749 1541 783 super
1564 750 1634 783 quo
1658 740 1798 774 fondata
1822 743 1875 774 est
1898 743 1931 775 et
1955 749 2060 783 super
2082 741 2210 784 quibus
2244 722 2366 778 solo‘ssss‘

484 805 518 837 et
542 804 647 836 fondo
687 804 830 845 predicti
859 803 980 836 fratres
1016 803 1214 836 heremitani
1252 803 1435 836 hedificare
1461 805 1494 836 et
1517 803 1659 837 dilatare
1684 805 1718 837 et
1741 803 1904 846 ampliare
1941 803 2060 837 volunt
2083 806 2117 837 et
2141 789 2360 853 intenduntv

485 866 600 899 scolas
626 867 778 908 ipsorum
803 866 941 899 fratrum
959 867 992 899 et
1009 866 1090 899 dicti
1116 866 1246 899 ordinis
1264 867 1297 899 et
1313 867 1505 899 conventus
1531 865 1776 899 Heremitarum
1794 866 1903 900 sancti
1921 865 2115 909 Augustini,
2132 866 2228 900 iuxta
2245 875 2278 901 m
2351 851 2352 854 Ἰ

486 938 554 961 rem
580 930 612 961 et
636 929 897 961 observanciam
923 928 1003 961 dicti
1029 928 1159 962 ordinis
1184 928 1217 961 in
1242 928 1319 962 aliis
1343 928 1499 970 partibus
1524 928 1675 962 inolitam
1699 930 1732 962 et
1756 928 1857 962 etiam
1901 928 2130 962 observatam.
2154 926 2219 963 Cui
2243 937 2267 972 q

484 991 561 1024 dem
588 991 704 1023 domui
731 999 792 1024 seu
818 991 950 1024 caxelle
975 991 1008 1023 in
1034 999 1102 1033 qua
1127 992 1206 1024 sunt
1230 991 1322 1024 dicta
1346 991 1486 1024 brachia
1521 991 1674 1033 quinque
1710 991 1872 1024 coherent
1895 1000 1916 1024 a
1940 1000 2039 1024 mane
2063 991 2155 1025 dicta
2179 990 2260 1026 brac

483 1055 561 1086 octo
594 1055 627 1086 et
651 1055 772 1095 quarta
809 1063 886 1093 una,
912 1062 932 1086 a
957 1053 1097 1086 meridie
1123 1053 1178 1086 via
1211 1053 1360 1095 publica,
1397 1062 1417 1086 a
1452 1061 1530 1086 sero
1566 1055 1664 1095 porta
1700 1053 1809 1095 prima
1845 1055 1879 1087 et
1913 1053 2114 1096 principalis
2149 1053 2238 1088 intro

483 1116 526 1148 ad
553 1116 680 1148 dictum
706 1116 949 1149 monasterium
975 1118 1007 1149 et
1032 1116 1087 1148 via
1113 1116 1223 1158 ipsius
1249 1116 1427 1158 introytus,
1452 1117 1485 1149 et
1508 1124 1529 1149 a
1553 1115 1646 1148 nulla
1670 1115 1753 1149 hora
1777 1115 1908 1149 Atrium
1933 1116 2044 1158 ipsius
2060 1116 2217 1156 ecclesie,
2240 1115 2271 1151 si

483 1178 529 1210 ibi
555 1178 651 1211 aliter
675 1179 708 1211 et
732 1178 797 1211 alie
823 1178 890 1211 sint
915 1178 1127 1211 coherencie:
1153 1178 1194 1211 Et
1218 1178 1383 1220 quicquid
1408 1180 1461 1211 est
1485 1178 1571 1211 intra
1595 1178 1687 1211 dicta
1711 1178 1851 1211 brachia
1875 1178 2038 1221 quinque,
2054 1180 2119 1212 etc.
2137 1179 2239 1221 prout

481 1242 515 1273 et
539 1241 605 1273 alia
630 1241 663 1273 in
689 1241 808 1274 litteris
826 1241 938 1283 ipsius
962 1241 1090 1274 domini
1116 1241 1262 1274 Montini
1288 1241 1520 1274 archidiaconi
1545 1242 1578 1274 et
1603 1240 1867 1274 subexecutoris
1902 1242 2004 1283 prout
2039 1241 2199 1284 superius
2234 1233 2321 1277 cow-

483 1303 617 1343 tinetur,
642 1304 717 1336 eius
742 1303 844 1346 sigilli
870 1304 1095 1345 impressione
1121 1304 1270 1344 munitis,
1295 1303 1385 1337 datis
1409 1303 1464 1337 die
1497 1304 1745 1345 suprascripto,
1769 1303 1906 1346 plenius
1930 1303 2131 1337 continetur.
2164 1302 2326 1341 idcircum

486 1366 659 1408 prefactus
685 1366 891 1399 venerabilis
917 1367 968 1399 vir
992 1367 1152 1400 dominus
1177 1366 1278 1399 frater
1302 1365 1448 1400 Iacobus
1471 1366 1582 1400 abbas
1605 1366 1687 1399 dicti
1712 1366 1908 1400 monasterii
1933 1366 2042 1400 sancti
2060 1365 2150 1400 Petri
2174 1366 2208 1400 in
2231 1363 2321 1406 Ceio

483 1437 588 1461 aureo
613 1429 802 1470 papiensis,
821 1428 943 1462 volens
960 1429 1156 1462 mandatum
1181 1429 1263 1462 dicti
1288 1429 1416 1462 domini
1441 1429 1588 1462 Montini
1613 1428 1854 1462 Archidiaconi
1871 1431 1905 1462 et
1921 1429 2196 1470 subexecutoris,
2213 1428 2259 1463 im

483 1491 598 1524 verius
623 1491 842 1533 apotolicum,
868 1492 896 1524 si
922 1493 954 1524 et
980 1492 1012 1524 in
1038 1493 1202 1533 quantum
1227 1493 1360 1524 tenetur
1383 1493 1416 1524 et
1440 1491 1554 1531 debet,
1578 1491 1763 1525 efficaciter
1794 1491 1945 1532 obedire,
1970 1492 2000 1525 si
2024 1494 2058 1525 et
2081 1491 2115 1524 in
2150 1491 2319 1534 quantuni

481 1554 585 1586 debet
610 1555 642 1586 et
667 1555 780 1595 potest
805 1556 837 1587 et
862 1554 927 1587 sibi
954 1554 1027 1587 sine
1053 1563 1116 1587 suo
1141 1554 1332 1596 preiudicio
1367 1554 1567 1587 conceditur
1590 1563 1610 1587 a
1635 1555 1717 1595 iure,
1753 1554 1972 1596 presentibus
2007 1554 2204 1588 volentibus
2227 1554 2276 1588 et'

480 1617 784 1649 consencientibus
810 1617 842 1648 in
868 1617 1028 1649 omnibus
1053 1618 1086 1649 et
1110 1617 1256 1659 singulis
1281 1617 1507 1659 infrascriptis
1530 1617 1632 1650 fratre
1657 1615 1818 1659 Georgio‚
1854 1616 1955 1650 fratre
1995 1615 2178 1658 Apolonio,
2212 1615 2264 1651 fra

482 1677 689 1718 Salimbene,
713 1678 814 1711 fratre
839 1678 989 1719 Aurelio,
1014 1679 1114 1712 fratre
1140 1678 1324 1712 Guillelmo
1349 1681 1382 1712 et
1405 1679 1506 1713 fratre
1532 1679 1730 1719 Laurencio‚
1769 1679 1931 1713 fratribus
1966 1681 2000 1713 et
2023 1679 2200 1713 canonicis
2233 1678 2273 1713 di

483 1741 680 1774 monasterii
706 1740 821 1774 Sancti
847 1741 948 1781 Petri,
974 1743 1007 1774 et
1031 1742 1158 1774 ibidem
1183 1742 1226 1775 de
1252 1742 1413 1775 mandato
1437 1742 1519 1775 dicti
1544 1742 1672 1775 domini
1697 1742 1834 1776 abbatis
1850 1742 1894 1775 ad
1912 1742 2098 1784 capitulum
2115 1749 2271 1776 convoca

481 1806 515 1836 et
540 1804 758 1846 congregatis
784 1813 846 1846 pro
871 1804 935 1837 hoc
962 1804 1107 1846 negocio
1131 1804 1327 1846 specialiter
1350 1804 1520 1844 faciendo,
1545 1806 1578 1838 et
1602 1805 1669 1847 ipsi
1694 1792 1850 1838 canonici
1875 1805 1933 1847 qui
1958 1806 2038 1838 sunt
2055 1806 2091 1837 ut
2115 1804 2320 1839 asserebant

481 1875 603 1898 omnes
628 1866 804 1899 canonicis
830 1866 940 1908 ipsius
965 1867 1160 1899 monasterii
1186 1867 1229 1899 ad
1255 1875 1399 1908 presens
1424 1867 1457 1899 in
1483 1867 1560 1909 ipso
1585 1866 1792 1900 monasterio
1817 1866 2018 1907 residentes,
2036 1875 2104 1900 una
2120 1875 2198 1900 cum
2222 1865 2258 1900 di

481 1929 622 1961 domino
647 1929 771 1961 abbate
796 1931 829 1961 et
853 1938 930 1961 cum
955 1930 1030 1962 eius
1054 1929 1264 1969 auctoritate,
1290 1930 1425 1963 nomine
1450 1932 1484 1963 et
1506 1939 1527 1963 a
1550 1931 1646 1972 parte
1670 1930 1752 1963 dicti
1776 1929 1977 1963 Monasterii
2001 1930 2035 1962 et
2050 1929 2163 1963 tocius
2178 1928 2256 1972 capi

481 1993 515 2023 et
540 1992 732 2023 conventus
757 1991 924 2030 eiusdem,
949 2000 1011 2033 pro
1036 1992 1153 2033 precio
1178 1991 1339 2024 librarum
1363 1992 1548 2025 ducentum
1573 1992 1692 2034 viginti
1723 1992 1939 2025 denariorum
1971 1991 2139 2024 bonorum
2174 1990 2257 2034 papi

483 2054 582 2093 sium,
601 2063 688 2095 quas
706 2054 962 2095 suprascriptus
987 2055 1147 2087 dominus
1172 2053 1445 2088 Archidiaconus
1469 2055 1648 2097 papiensis
1672 2056 1705 2088 et
1729 2055 1962 2088 subexecutor
1985 2055 2021 2087 ut
2044 2063 2160 2096 supra,
2176 2053 2220 2087 de
2234 2062 2255 2088 c

480 2116 580 2149 scilio
606 2116 765 2149 Iohannis
791 2116 963 2149 Trabuchi
989 2118 1022 2149 et
1047 2116 1218 2149 Iacomolli
1244 2117 1436 2150 Maxenarii
1462 2117 1612 2150 virorum
1636 2119 1867 2159 expertorum,
1891 2116 2131 2159 pronunciavit
2154 2117 2188 2150 et
2202 2116 2268 2150 dec

483 2179 570 2211 ravit
595 2188 673 2212 esse
699 2179 825 2211 iustum
851 2177 1003 2220 precium
1029 2180 1340 2221 suprascriptorum
1366 2181 1398 2213 et
1423 2179 1715 2222 infrascriptorum
1747 2180 1963 2213 brachiorum
1999 2179 2151 2221 quinque
2186 2187 2243 2212 ex·
2266 2178 2277 2214 i

481 2241 663 2283 frascripta
689 2241 792 2273 domo
817 2250 878 2274 seu
904 2241 1048 2281 caxella,
1073 2243 1174 2283 prout
1198 2243 1332 2274 constat
1356 2242 1496 2284 publico
1521 2242 1746 2275 instrumento
1769 2242 1859 2275 dicte
1884 2240 2178 2284 pronunciationis
2200 2241 2235 2274 et
2257 2229 2280 2274 d

481 2303 679 2336 clarationis
703 2303 852 2336 traddito
878 2305 911 2336 et
935 2304 1005 2336 fieri
1033 2306 1151 2345 rogato
1177 2304 1278 2336 hodie
1303 2304 1407 2346 paulo
1432 2306 1510 2337 ante
1535 2313 1596 2346 per
1620 2313 1672 2337 me
1698 2304 1865 2337 notarium
1897 2303 2161 2345 infrascriptum,
2197 2311 2263 2336 ven

483 2366 615 2405 derunt,
641 2366 876 2399 traddiderunt
901 2368 933 2398 et
958 2365 1125 2398 dederunt
1150 2368 1182 2398 et
1207 2366 1369 2406 vendunt,
1394 2366 1556 2399 traddunt
1580 2368 1612 2399 et
1637 2366 1718 2399 dant
1743 2366 1978 2408 suprascripto
2001 2365 2094 2398 fratri
2119 2363 2242 2399 Rufino

483 2428 700 2470 Bassignana
724 2427 831 2460 Priori
857 2427 1058 2461 Conventus
1083 2429 1260 2470 papiensis
1278 2429 1408 2461 ordinis
1424 2428 1563 2461 fratrum
1582 2428 1827 2461 Heremitarum
1845 2426 1960 2461 Sancti
1978 2426 2159 2470 Augustini
2180 2434 2280 2460 emen
2308 2471 2310 2473 ‚
2355 2461 2382 2476 ,ὁ

482 2491 683 2532 acquirenti,
709 2491 885 2532 recipienti
911 2493 943 2523 et
968 2491 1156 2532 stipulanti,
1181 2491 1295 2523 omnia
1319 2493 1352 2524 et
1376 2491 1512 2533 singula
1537 2490 1753 2533 infrascripta
1789 2491 1924 2523 nomine
1948 2492 1982 2523 et
2006 2490 2081 2523 vice
2117 2489 2198 2523 dicti
2233 2478 2388 2540 con-45·

484 2556 607 2586 ventus
633 2555 665 2586 et
689 2554 828 2586 fratrum
853 2554 934 2586 dicti
960 2553 1100 2587 Ordinis
1126 2553 1372 2586 Heremitarum
1398 2552 1512 2587 Sancti
1538 2553 1732 2596 Augustini,
1757 2554 1964 2587 nominative
1989 2553 2129 2586 brachia
2163 2552 2317 2594 quinque
2339 2548 2384 2601 {st-

482 2625 527 2648 ex
553 2616 609 2649 illa
634 2617 737 2648 domo
762 2625 823 2649 seu
849 2616 983 2649 caxella
1008 2615 1083 2649 solo
1108 2618 1141 2649 et
1164 2616 1270 2649 fondo
1295 2625 1400 2658 super
1424 2626 1493 2658 quo
1517 2617 1608 2650 dicta
1633 2617 1757 2649 dornus
1781 2625 1843 2650 seu
1868 2616 2002 2649 caxella
2025 2615 2165 2648 fondata
2188 2615 2252 2655 est,
2274 2621 2315 2653 ze
2354 2602 2388 2668 ξ

483 2679 639 2711 tenencia
663 2688 739 2711 curn
765 2678 832 2711 illis
857 2679 1007 2711 brachiis
1031 2680 1109 2711 octo
1134 2681 1166 2711 et
1191 2681 1310 2720 quarta
1335 2688 1402 2712 una
1427 2679 1575 2712 venditis
1599 2688 1690 2712 anno
1713 2679 1869 2721 proxime
1905 2678 2065 2720 preterito
2100 2677 2156 2710 die
2191 2678 2317 2711 octavo

482 2740 676 2773 decembris
701 2750 762 2782 per
786 2741 898 2774 dictos
922 2741 1097 2773 dominum
1134 2740 1303 2774 Abbatem
1329 2743 1361 2774 et
1385 2739 1582 2774 Canonicos
1617 2742 1692 2774 eius
1728 2741 1809 2774 dicti
1846 2740 2041 2774 monasterii
2077 2740 2187 2773 sancti
2222 2737 2315 2773 Petri

483 2803 719 2844 suprascripto
743 2802 850 2835 Priori
876 2804 1011 2836 nomine
1036 2803 1117 2836 dicti
1143 2803 1273 2836 ordinis
1297 2805 1330 2836 et
1354 2805 1545 2837 conventus
1570 2803 1828 2843 Heremitarum‚
1852 2812 1913 2845 per
1936 2804 2062 2836 cartam
2088 2802 2166 2834 inde
2184 2802 2314 2835 iussam

485 2864 585 2896 michi
612 2863 769 2906 Roglerio
794 2863 991 2907 Strazapate
1016 2865 1158 2898 notario.
1184 2864 1259 2903 Que
1285 2865 1424 2898 brachia
1448 2865 1600 2907 quinque
1640 2867 1719 2898 sunt
1754 2865 1922 2898 deversus
1957 2863 2131 2897 meridiem
2166 2863 2212 2896 ab
2245 2861 2314 2896 una
2338 2871 2387 2907 ς’,

485 2928 579 2966 parte
605 2928 637 2958 et
661 2927 829 2959 deversus
854 2927 1131 2969 septemtrionem
1156 2927 1200 2960 ab
1225 2927 1302 2967 alia,
1320 2928 1516 2969 incipiendo
1533 2929 1566 2960 et
1583 2927 1785 2969 accipiendo
1802 2927 1893 2960 dicta
1910 2926 2049 2959 brachia
2077 2926 2228 2967 quinque
2252 2925 2316 2958 im·

485 2987 631 3019 mediate
649 2990 727 3029 post
744 2988 836 3021 dicta
853 2989 992 3022 brachia
1009 2991 1087 3022 octo
1105 2991 1137 3022 et
1154 2991 1274 3031 quarta
1292 2998 1359 3022 una
1395 2989 1534 3022 vendita
1559 2991 1594 3022 ut
1611 2997 1727 3030 supra,
1744 2990 1778 3022 et
1794 2988 1912 3021 eundo*
1925 2996 2049 3021 versus
2065 2996 2144 3021 sero
2160 2996 2204 3020 ex
2221 2986 2313 3020 dicta

484 3049 588 3082 domo
613 3058 674 3082 seu
700 3050 833 3083 caxella
857 3051 932 3084 solo
957 3053 990 3084 et
1013 3051 1119 3084 fondo
1144 3061 1249 3094 super
1273 3061 1342 3094 quo
1366 3052 1506 3085 fondata
1531 3054 1592 3085 est.
1618 3050 1683 3085 Cui
1708 3051 1824 3084 domui
1849 3059 1911 3084 seu
1936 3050 2068 3084 caxelle
2087 3050 2120 3083 in
2145 3058 2213 3092 qua
2233 3050 2332 3083 sunt*
