2496 3600
1970 261 2010 294 61

1003 500 1204 550 XXVI.

287 619 318 649 11
341 618 497 649 Comune
520 617 557 647 di
580 617 694 647 Pavia
718 617 764 647 ad
788 617 929 648 istanza
952 616 1046 655 degli
1071 616 1267 647 Eremitani
1291 616 1476 646 stabilisee
1499 625 1547 645 un
1570 624 1685 645 annuo
1703 615 1862 646 sussidio
1880 615 1914 645 al
1931 615 2023 645 Con-

200 677 306 704 vento
330 672 366 702 di
391 672 427 703 S.
452 671 627 709 Atestino
650 679 714 709 per
738 670 772 701 le
797 679 903 709 spese
927 670 984 700 dei
1009 670 1183 708 Religiosi
1217 669 1408 706 forestieri,
1434 670 1498 700 che
1523 677 1717 700 accon-ono
1741 669 1813 699 alla
1837 669 1930 699 festa
1965 668 2022 699 del

202 727 312 758 santo
335 723 397 768 (1).

885 848 1042 881 1388,
1061 848 1263 881 aprile,
1282 849 1336 874 Β.

755 936 850 964 (Museo
864 936 944 960 civico
959 936 982 959 di
998 936 1068 959 Pavia
1083 947 1109 952 —
1123 936 1192 959 Areh.
1207 936 1300 959 istrom.
1315 935 1379 959 cart.
1395 935 1463 962 Vlll).

274 1124 393 1243 Α
447 1141 526 1170 ΝΝΟ
551 1146 571 1170 a
595 1137 768 1175 nativitate
805 1135 942 1169 Domini
978 1135 1164 1169 Millesimo
1199 1135 1431 1168 tricentesimo
1466 1135 1641 1177 trigesimo
1677 1135 1806 1177 quinto,
1843 1135 2027 1168 indictione

346 1211 347 1214 ¹
469 1200 576 1239 tertia,
602 1199 656 1232 die
682 1199 843 1232 Mercurii
868 1199 987 1241 quinto
1011 1198 1139 1231 mensis
1164 1197 1302 1240 Aprilis,
1338 1198 1421 1231 hora
1456 1199 1576 1231 octave
1601 1198 1634 1230 in
1660 1195 1804 1231 Camera
1836 1207 1926 1231 nova
1961 1196 2031 1232 Co-

470 1263 582 1295 munis
617 1261 734 1304 Papie‚
760 1262 792 1294 in
818 1271 886 1304 qua
909 1262 993 1294 fiunt
1017 1263 1050 1294 et
1073 1262 1144 1294 fieri
1170 1261 1422 1294 consueverunt
1457 1258 1611 1293 Consilia
1643 1258 1781 1293 Secreta
1816 1260 1926 1302 ipsius
1962 1259 2031 1294 Co-

206 1326 330 1366 munis,
354 1325 387 1358 in
413 1324 558 1358 consilio
582 1324 872 1366 infrascriptorum
897 1324 955 1365 qui
980 1325 1060 1357 sunt
1083 1324 1126 1357 de
1155 1332 1295 1356 numero
1331 1322 1513 1355 duodecim
1549 1320 1747 1363 Sapientum
1780 1321 2029 1355 Presidentium

205 1387 306 1422 factis
329 1389 362 1421 et
386 1387 532 1430 negotiis
557 1387 667 1429 ipsius
691 1385 856 1420 Comunis
881 1386 923 1419 de
948 1395 1065 1419 mense
1089 1385 1217 1428 Aprilis
1240 1383 1292 1427 (2)
1309 1387 1342 1418 et
1359 1386 1526 1418 certorum
1539 1383 1670 1417 aliorun
1686 1383 1897 1426 Sapientium
1911 1385 2032 1418 adiun-

207 1452 337 1484 ctorum
361 1447 414 1491 (3)
438 1450 563 1483 ibidem
599 1449 818 1482 collectorum
843 1450 875 1482 et
900 1450 1181 1492 congregatorum
1207 1457 1299 1481 more
1324 1447 1436 1487 solito,
1461 1447 1503 1480 de
1528 1448 1691 1489 precepto
1727 1447 1892 1489 sapientis
1916 1449 1949 1480 et
1981 1448 2033 1480 di-

210 1513 311 1547 screti
337 1513 399 1546 viri
424 1511 465 1545 D.
492 1512 651 1545 Iohannis
674 1512 717 1545 de
742 1511 898 1545 Tarusiis
922 1511 965 1544 de
990 1510 1156 1554 Pergamo
1181 1511 1264 1544 iuris
1288 1510 1397 1552 periti,
1422 1510 1546 1543 iudicis
1571 1511 1603 1542 et
1628 1509 1797 1552 generalis
1822 1509 1946 1543 Vicarii
1971 1520 2033 1543 no-

209 1575 288 1608 bilis
306 1558 345 1608 ,et
369 1575 518 1617 potentis
542 1574 658 1607 militis
682 1573 725 1607 D.
750 1572 932 1615 Gasparini
958 1573 1176 1607 Vicecomitis
1201 1572 1390 1606 honorandi
1415 1571 1600 1605 Potestatis
1636 1570 1753 1613 papie,
1789 1581 1850 1614 per
1889 1573 2034 1614 requisi-

211 1638 338 1670 tionem
363 1637 538 1670 servitoris
571 1635 736 1670 Comunis
772 1635 878 1678 Papie
903 1638 936 1669 et
960 1635 1154 1678 specialiter
1177 1635 1222 1668 ob
1247 1644 1386 1668 causam
1426 1634 1686 1676 infrascriptam
1727 1635 1864 1667 nomina
1889 1644 2032 1676 quorum

213 1698 412 1742 Sapientum
437 1701 516 1733 sunt
541 1699 625 1732 hec:
651 1698 692 1732 D.
718 1697 842 1732 Sucius
867 1699 909 1731 de
935 1697 1096 1740 Orignate
1129 1695 1191 1739 (4),
1216 1697 1257 1730 D.
1283 1696 1429 1731 Sanctus
1465 1696 1669 1736 Albaricius,
1706 1696 1747 1729 D.
1772 1697 1954 1730 Manzinus
1990 1698 2032 1731 de

212 1754 427 1802 zuminasco‚
452 1761 493 1795 D.
518 1762 722 1795 Moschinus
746 1761 789 1794 de
814 1760 975 1801 Sicleriis‚
999 1760 1040 1794 D.
1066 1759 1237 1803 Georgius
1261 1761 1304 1793 de
1329 1758 1502 1802 Campise,
1535 1758 1576 1792 D.
1601 1759 1795 1793 Belisomus
1824 1760 1866 1792 de
1902 1759 2035 1793 Beliso-

214 1825 289 1864 mis,
313 1823 354 1858 D.
380 1823 641 1858 Carnelevarius
665 1824 708 1857 de
733 1823 922 1866 Astulphis,
948 1822 989 1856 D.
1015 1823 1278 1856 Francischinus
1295 1822 1528 1865 Penagiarius‚
1553 1821 1594 1855 D.
1621 1821 1788 1855 lohannes
1805 1822 1983 1856 Brocalius
2000 1825 2033 1856 et

212 1886 254 1920 D.
279 1886 454 1922 Rolandus
479 1886 645 1927 Astarius;
670 1885 851 1928 Sapientes
875 1886 1046 1926 Adiuncti‚
1071 1885 1112 1919 D.
1138 1884 1334 1919 Castelinus
1358 1885 1400 1918 de
1426 1885 1598 1925 Beccaria,
1623 1884 1664 1917 D.
1691 1885 1855 1918 Florellus
1880 1886 1922 1918 de
1948 1885 2034 1919 Bec-

212 1949 314 1989 caria,
338 1948 379 1982 D.
405 1948 602 1992 Raynaldus
626 1949 668 1981 de
693 1948 865 1988 Beccaria,
890 1947 931 1981 D.
958 1948 1124 1981 Henricus
1149 1946 1330 1990 Georgius,
1348 1946 1388 1980 D.
1407 1947 1568 1980 Isnardus
1585 1947 1627 1979 de
1645 1945 1887 1989 Canepanova‚
1905 1947 1946 1980 D.
1965 1947 2035 1980 Au-

212 2013 380 2054 gustonus
404 2011 447 2044 de
472 2010 669 2050 Advocatis,
694 2009 736 2043 D.
762 2010 906 2052 lacopus
931 2010 973 2043 de
999 2009 1163 2050 Belbello,
1188 2009 1229 2042 D.
1256 2010 1399 2042 Marcus
1423 2009 1466 2042 de
1491 2008 1600 2049 Petra,
1626 2008 1666 2042 D.
1698 2008 1892 2043 Bernardus
1927 2009 2036 2042 Muri-

212 2074 300 2114 cu1a,
324 2073 366 2106 D.
391 2073 568 2108 Rolandus
593 2073 815 2112 Fiambertus,
841 2072 881 2105 D.
907 2072 1078 2106 Berninus
1103 2072 1241 2112 Maleta,
1266 2071 1306 2105 D.
1333 2071 1509 2107 Rolandus
1533 2072 1575 2105 de
1601 2071 1803 2111 Octonibus,
1828 2071 1869 2104 D.
1911 2071 2034 2115 Rogle-

212 2136 283 2169 rius
307 2134 475 2170 Cataxius
498 2135 590 2168 filius
615 2135 788 2177 quondam
813 2134 953 2175 Aiberti;
979 2134 1172 2168 Praemissa
1197 2135 1418 2176 requisitione
1442 2136 1475 2167 et
1501 2134 1680 2176 diligenter
1695 2134 1785 2167 facto
1817 2135 1940 2176 partito
1972 2144 2033 2176 per

212 2198 482 2240 suprascriptum
507 2197 548 2231 D.
574 2197 744 2231 Vicarium
770 2198 855 2230 inter
878 2197 989 2230 dictos
1014 2196 1195 2239 Sapientes
1219 2197 1262 2230 de
1287 2197 1434 2230 levando
1458 2197 1501 2229 ad
1527 2197 1717 2229 sedendum
1742 2196 1877 2230 fuerunt
1902 2198 1934 2229 in
1953 2206 2034 2230 con-

212 2261 338 2300 cordia,
362 2261 590 2300 firmaverunt,
615 2260 856 2293 ordinaverunt
881 2261 914 2293 et
937 2260 1159 2302 providerunt
1176 2259 1268 2301 quod
1283 2268 1388 2301 super
1404 2259 1618 2301 infrascripta
1635 2259 1885 2301 supplicatione
1903 2261 1935 2292 et
1952 2269 2034 2292 con-

210 2323 312 2356 tentis
337 2323 370 2355 in
394 2331 445 2362 ea,
470 2322 548 2355 data
573 2323 605 2355 et
629 2323 785 2364 porrecta
809 2322 900 2355 dicto
925 2321 1072 2354 Domino
1097 2321 1261 2355 Potestati
1287 2323 1319 2354 et
1344 2322 1418 2355 eius
1455 2321 1590 2354 Vicario
1614 2323 1647 2354 et
1672 2320 1892 2363 Sapientibus
1920 2322 2034 2363 predi-

211 2385 286 2425 ctis,
310 2385 408 2418 cuius
431 2386 528 2417 tenor
551 2384 628 2417 talis
652 2386 714 2424 est,
739 2383 919 2417 videlicet:

300 2446 504 2490 Significant
522 2447 623 2480 vobis
647 2445 793 2479 Domino
829 2445 992 2480 Potestati
1017 2445 1124 2488 Papie
1160 2455 1222 2479 nec
1247 2455 1314 2478 non
1339 2445 1380 2479 D.
1406 2445 1517 2478 Mutio
1542 2446 1584 2479 de
1610 2445 1771 2478 Beccaria
1795 2446 1889 2478 militi
1914 2447 1947 2478 et
1979 2455 2034 2479 ce-

210 2509 292 2543 teris
317 2508 537 2552 Sapientibus
561 2509 815 2551 presidentibus
838 2508 938 2542 factis
962 2510 994 2541 et
1019 2509 1172 2551 negociis
1197 2507 1362 2542 Comunis
1387 2507 1504 2550 Papie‚
1530 2507 1626 2541 Prior
1650 2510 1682 2541 et
1705 2508 1838 2541 Fratres
1870 2517 1909 2541 ac
1942 2506 2034 2547 Con-

209 2573 332 2605 ventus
356 2571 507 2605 Fratrum
543 2571 788 2604 Heremitarum
821 2571 885 2604 loci
911 2572 943 2604 et
967 2569 1107 2604 Ordinis
1132 2571 1338 2604 sanctissimi
1364 2570 1475 2603 Patris
1500 2569 1681 2612 Augustini
1718 2569 1877 2603 Doctoris
1915 2570 2031 2603 eximii

211 2633 414 2666 universalis
450 2632 603 2666 Ecclesie
628 2634 661 2665 et
684 2632 763 2665 fidei
799 2632 982 2666 christiane
1006 2641 1046 2665 ac
1071 2631 1277 2665 Protectoris
1302 2634 1334 2665 et
1359 2631 1570 2665 Detfensoris
1606 2640 1828 2673 personarum
1864 2634 1897 2664 et
1922 2641 2033 2664 rerum

211 2693 376 2730 Comunis
400 2695 542 2738 predicti
568 2694 684 2737 Papie,
710 2694 802 2736 quod
827 2703 904 2728 cum
929 2704 1052 2737 magna
1076 2703 1180 2728 onera
1204 2703 1432 2736 expensarum
1469 2695 1631 2727 occurant
1655 2703 1717 2735 pro
1742 2694 1833 2727 victu
1859 2695 1891 2727 et
1916 2703 2037 2728 neces-

267 2853 298 2880 (1)
311 2852 402 2879 Questo
415 2853 557 2880 importante
571 2852 712 2875 documento
733 2858 779 2874 non
793 2852 865 2874 esiste
879 2852 902 2874 in
917 2852 1036 2880 originale,
1058 2858 1095 2875 ma
1202 2852 1233 2878 (2)
1248 2846 1266 2874 Ε
1280 2853 1337 2874 noto
1351 2852 1393 2874 che
1407 2852 1414 2873 i
1429 2851 1533 2879 Sapienti
1547 2851 1570 2874 di
1586 2851 1738 2875 Provvisione
1751 2852 1824 2874 ailora
1833 2858 1906 2875 erano
1915 2853 2029 2876 rinnovati

214 2897 238 2920 in
251 2897 403 2920 trascrizlone
415 2897 535 2920 autentica
549 2897 587 2919 del
603 2897 628 2919 12
641 2896 745 2919 Gennaio
766 2897 824 2924 1579,
848 2896 878 2918 ed
899 2897 1005 2919 un'aitra
1025 2897 1094 2924 copia
1148 2896 1170 2918 di
1185 2902 1250 2919 mese
1264 2896 1286 2918 in
1301 2901 1373 2918 mese.

214 2941 238 2964 di
251 2946 306 2964 esso
320 2941 333 2964 ὲ
346 2941 383 2964 nel
397 2941 464 2964 detio
477 2941 585 2964 Archivio
599 2940 634 2963 ira
648 2941 679 2968 gii
693 2941 741 2963 Atti
757 2940 780 2963 di
795 2940 946 2963 Provvisione
955 2940 1040 2967 (Pacco
1049 2940 1093 2966 28).
1201 2941 1232 2968 (3)
1246 2941 1254 2962 l
1269 2940 1373 2967 Sapienti
1387 2940 1491 2968 aggiunti
1505 2940 1525 2963 si
1540 2941 1673 2968 toglievnno
1693 2940 1728 2963 ira
1743 2941 1750 2963 i
1764 2942 1913 2969 componenti
1934 2942 1949 2964 il
1971 2942 2032 2965 Con-

215 2984 274 3008 Eno
287 2984 362 3008 torma
376 2991 422 3008 una
436 2985 496 3008 bellu
516 2990 591 3012 prova
611 2984 810 3007 dell'accresciuto
830 2984 955 3012 splendore
978 2984 1094 3011 impresso
1147 2985 1216 3013 sigito
1230 2985 1350 3012 Generale,
1360 2985 1388 3007 ed
1399 2990 1470 3007 erano
1484 2985 1591 3008 chiamati
1607 2985 1644 3008 dai
1655 2985 1737 3008 Dodici
1747 2986 1769 3008 di
1780 2986 1932 3008 Provvisione
1942 2988 2030 3014 quante

213 3029 259 3052 alin
272 3029 387 3052 solennita
401 3029 464 3052 dallo
478 3030 529 3052 zelo
543 3030 604 3057 degli
619 3029 753 3056 Eremitani;
772 3029 801 3051 ed
817 3029 913 3052 insieme
927 3029 940 3051 e
958 3030 1096 3056 argomento
1149 3029 1213 3052 volte
1227 3029 1247 3051 si
1261 3029 1351 3051 dovevn
1366 3029 1483 3052 discutere
1497 3029 1520 3051 di
1535 3035 1566 3051 un
1579 3029 1652 3052 affare
1666 3029 1688 3052 di
1704 3030 1802 3057 qualche
1816 3030 1970 3058 importanza.

213 3073 275 3096 della
288 3074 341 3097 viva
355 3075 431 3103 parte,
445 3075 488 3097 che
501 3080 515 3097 a
529 3074 571 3097 tall
585 3079 702 3097 onoranze
717 3073 834 3102 prendeva
855 3075 918 3096 tutta
932 3074 954 3096 la
968 3073 1026 3096 cirta
1039 3074 1094 3096 atie-
1201 3073 1232 3099 (4)
1246 3072 1301 3096 Cosl
1315 3073 1403 3100 leggesi
1417 3073 1476 3096 nella
1498 3073 1657 3101 trascrizione;
1678 3079 1716 3096 ma
1737 3075 1915 3101 probabilnente
1929 3075 1942 3097 e
1956 3075 1986 3097 da
2007 3081 2030 3098 e·

213 3117 373 3141 ziomtiuima
386 3119 409 3142 al
422 3124 467 3142 tuo
482 3118 592 3142 Patrono.
1146 3117 1262 3140 mendarsi
1276 3117 1299 3140 in
1318 3117 1434 3146 Verffiate.
