2496 3600
1999 260 2061 293 107

236 404 300 437 nec
332 399 446 433 vocari
482 398 606 432 facient
640 397 815 430 dominum
855 395 1023 429 Abbatem
1062 397 1095 428 et
1131 393 1326 429 Canonicos
1362 394 1441 426 dicti
1475 393 1674 426 Monasterii
1711 395 1910 426 occassione
1943 404 2064 436 supra-

234 462 360 505 {cripte
394 460 522 503 relique
557 460 662 502 partis
697 459 786 492 dicte
820 459 943 491 domus
979 467 1039 491 seu
1076 457 1205 490 caxelle
1240 457 1443 489 remanentis
1479 456 1570 488 dicto
1606 450 1816 488 Monasterio
1853 456 1937 488 ultra
1973 457 2063 489 dicta

232 521 376 559 *brachia
399 523 561 565 quinque,
585 531 647 555 nee
671 523 785 564 petent
809 521 851 554 de
876 521 1106 563 ipsareliqua
1141 521 1236 562 parte
1272 519 1373 552 ullam
1402 518 1636 551 vendicionem
1669 527 1730 560 pro
1762 518 1877 559 aliquo
1914 528 1977 551 usu
2003 528 2063 551 seu

155 584 208 631 fij„
233 594 300 631 pro
332 585 447 628 aliqua
482 585 684 618 necessitate
719 584 871 626 ipsorum
907 583 1046 615 fratrum
1071 584 1103 615 et
1128 581 1327 615 Conventus
1365 581 1618 614 Heremitarum.
1656 579 1696 612 Et
1733 589 1794 622 pro
1831 581 1894 612 hac
1926 581 2064 613 vendic-

230 649 334 683 -cione
357 648 390 681 et
412 647 571 680 omnibus
595 647 628 679 et
651 646 796 688 singulis
821 645 1063 687 suprascriptis
1089 644 1224 677 fuerunt
1247 643 1396 676 confessi
1420 643 1500 676 dicti
1525 643 1684 675 dominus
1709 641 1828 675 Abbas
1852 644 1884 675 et
1901 640 2063 676 Canonici

155 697 189 755 ij·
231 709 371 744 nomine
393 709 474 743 dicti
498 709 692 741 monasterii
717 716 838 741 versus
862 708 988 740 dictum
1013 707 1187 739 dominum
1213 705 1362 738 Priorem
1386 714 1424 738 se
1448 705 1623 747 accepisse
1647 706 1679 738 et
1704 705 1866 737 habuisse
1890 705 1934 737 ab
1959 714 1999 738 eo
2023 706 2066 738 de

155 754 384 820 Jsss'denariis
407 771 486 804 dicti
511 767 711 804 Conventus
735 770 900 803 dictorum
926 769 1076 802 Fratrum
1101 769 1230 801 ordinis
1256 768 1498 801 Heremitarum
1525 767 1674 809 precium
1688 768 1957 809 suprascriptum
1972 768 2067 800 vide-

143 821 160 877 ᾗ
236 834 313 869 licet
335 833 440 867 libras
455 833 637 866 ducentum
662 833 781 875 viginti
806 833 990 874 papienses
1015 832 1048 864 in
1072 831 1221 864 denariis
1246 831 1439 863 numeratis.
1457 829 1700 864 Renunciando
1717 830 1908 871 exceptioni
1927 839 1993 862 non
2011 839 2068 862 ac-

234 896 324 939 cepti
347 895 427 928 dicti
452 895 554 937 precii
579 896 612 927 et
636 904 703 927 non
729 895 900 927 numerate
917 894 1005 926 dicte
1018 894 1170 935 pecunie.
1196 892 1248 925 De
1272 892 1399 934 quibus
1413 892 1572 924 omnibus
1597 893 1629 924 et
1654 892 1799 934 singulis
1813 892 1892 924 dicti
1907 892 2066 925 dominus

232 956 355 992 *Abbas
378 959 412 993 et
435 955 599 991 Canonici
625 957 760 990 nomine
783 957 863 989 dicti
889 956 1089 989 Monasterii
1114 957 1147 989 et
1170 956 1283 988 dictus
1307 955 1403 987 Prior
1427 955 1562 987 nomine
1586 955 1665 987 dicti
1684 956 1872 988 conventus
1890 956 2066 997 papiensis

135 1016 185 1057 ὲ·
231 1020 365 1055 ordinis
388 1019 527 1053 fratrum
552 1019 796 1052 Heremitarum
820 1017 934 1052 Sancti
959 1018 1141 1061 Augustini
1166 1019 1370 1060 rogaverunt
1393 1018 1463 1050 fieri
1490 1026 1631 1059 presens
1656 1017 1829 1058 publicum
1866 1018 2071 1051 instrumen—

235 1084 307 1118 tum
331 1091 390 1125 per
413 1090 466 1115 me
490 1081 683 1124 Roglerium
708 1082 875 1114 notarium
911 1081 1151 1123 infrascriptun
1176 1081 1208 1113 et
1232 1089 1292 1122 per
1327 1079 1556 1122 Augustinum
1592 1079 1804 1112 Panizarium
1830 1081 1996 1112 notarium
2033 1082 2065 1113 et

232 1129 297 1189 μὲι·
318 1143 503 1187 quemlibet
526 1145 678 1177 nostrum
703 1152 762 1185 per
786 1152 824 1176 se
847 1143 922 1176 sive
945 1143 1132 1176 comuniter
1155 1143 1229 1176 sive
1252 1142 1409 1175 divissim
1434 1142 1487 1175 vel
1513 1142 1705 1183 separatim.
1731 1141 1951 1175 Presentibus
1977 1142 2069 1175 Iaco-

215 1251 217 1253 .
236 1207 319 1251 pino
341 1207 384 1240 de
407 1205 559 1240 Belbello
582 1206 653 1238 filio
676 1205 850 1247 quondam
871 1203 1062 1245 Castellini,
1099 1203 1282 1238 Guillelmo
1306 1205 1348 1237 de
1373 1203 1531 1246 Georgiis
1555 1205 1625 1237 filio
1649 1205 1821 1246 quondam
1858 1205 1984 1237 domini
2022 1205 2070 1238 U-

236 1269 332 1311 herti,
354 1269 527 1303 Bertoiino
550 1267 656 1302 Torto
678 1267 749 1301 filio
772 1268 946 1309 quondam
970 1267 1164 1301 Princivalli
1189 1269 1222 1301 et
1245 1266 1417 1300 Bertolino
1441 1266 1569 1300 Bozulo
1585 1267 1655 1300 filio
1673 1267 1832 1300 Iohannis
1856 1268 2000 1300 testibus
2025 1268 2068 1300 ad

146 1323 178 1364 ἶ»,
215 1376 217 1378 q
238 1331 394 1376 predicta
413 1331 557 1365 vocatis.

324 1393 397 1437 Ego
420 1393 600 1436 Roglerius
623 1391 823 1435 Strazapata
846 1392 890 1426 de
913 1394 1033 1425 sancto
1058 1391 1207 1425 Euzebio
1231 1392 1322 1425 filius
1347 1392 1520 1434 quondam
1545 1391 1673 1424 Zanoni
1699 1392 1858 1433 publicus
1894 1393 2071 1434 papiensis

234 1457 400 1502 imperiali
423 1456 623 1490 auctoritate
647 1456 798 1489 notarius
824 1456 911 1488 hanc
935 1457 1060 1488 cartam
1085 1455 1185 1488 michi
1210 1455 1280 1488 fieri
1306 1456 1457 1497 rogatam
1481 1455 1628 1487 traddidi
1653 1456 1686 1487 et
1709 1455 1842 1496 scripsi.

161 1525 203 1544 'aq
232 1532 235 1535 »

1131 1710 1188 1751 L.

259 1815 262 1818 ’
307 1819 444 1851 Cecilia
467 1819 626 1851 Taoconi
651 1819 781 1852 Guerci
805 1819 933 1850 dedica
958 1821 998 1850 se
1022 1819 1066 1850 ed
1090 1819 1103 1850 i
1127 1819 1207 1849 suoi
1231 1819 1313 1849 beni
1337 1819 1372 1849 al
1398 1819 1581 1850 Convento
1606 1819 1642 1849 di
1667 1819 1704 1849 S.
1731 1818 1903 1849 Mostiola
1919 1816 1981 1860 (1).

913 1934 1071 1967 1368,
1098 1934 1321 1967 agonizo,
1348 1933 1402 1960 S·

804 2022 883 2048 (Arch.
898 2022 922 2045 dl
937 2022 1015 2050 Stato,
1030 2022 1120 2045 milano
1134 2034 1161 2038 —
1176 2022 1283 2050 Pergam.
1298 2022 1321 2044 di
1337 2021 1360 2045 S.
1376 2022 1510 2049 Agostino).

315 2208 434 2326 A
492 2226 572 2255 NNO
596 2230 616 2254 a
641 2222 815 2255 nativitate
839 2220 975 2254 Domini
1001 2221 1180 2254 millesimo
1204 2222 1439 2254 trecentesimo
1475 2221 1761 2263 quinquagesimo
1796 2222 1927 2253 octavo.
1966 2220 2075 2253 Indic-

514 2285 606 2317 tione
641 2284 830 2324 undecima,
855 2284 910 2317 die
934 2284 1099 2324 mercurii,
1135 2285 1258 2316 octavo
1281 2284 1409 2316 mensis
1434 2282 1591 2326 Augusti,
1617 2283 1699 2315 hora
1732 2291 1960 2324 vesperarum.
1986 2281 2075 2321 Quia

168 2380 172 2387 ,
516 2347 699 2380 humanum
724 2348 776 2380 est
800 2355 949 2388 peccare,
974 2346 1164 2389 angelicum
1188 2346 1377 2385 emendare,
1402 2347 1435 2378 et
1458 2346 1664 2378 diabolicum
1690 2354 1923 2387 perseverare;
1949 2345 2075 2377 idcirco

214 2435 216 2437 -
245 2409 383 2443 domina
417 2408 545 2444 Cecilia
580 2409 694 2443 relicta
729 2409 902 2451 quondam
939 2408 1120 2451 Augustini
1157 2408 1310 2442 Tachoni
1346 2409 1404 2441 filii
1441 2409 1613 2450 quondam
1650 2408 1776 2440 domini
1810 2408 2018 2440 Mascharini
2043 2410 2075 2440 et

155 2515 158 2517 Α
221 2472 224 2475 ’
247 2472 463 2514 postmodum
488 2472 602 2505 relicta
626 2472 799 2514 quondam
824 2471 960 2504 Antonii
986 2471 1029 2504 de
1053 2469 1212 2511 Guirciis‚
1236 2471 1294 2503 filii
1320 2471 1493 2512 quondam
1512 2470 1679 2512 Raynerii‚
1704 2479 1788 2503 sana
1812 2471 1949 2511 quidem
1967 2473 2077 2503 mente

247 2534 281 2568 et
302 2543 442 2577 corpore
466 2536 499 2568 et
522 2535 716 2568 memoriam
741 2535 888 2567 retinens
913 2535 1120 2567 consuetam.
1146 2532 1321 2568 Confitens
1347 2534 1441 2575 prius
1467 2543 1503 2566 se
1529 2534 1602 2575 lege
1616 2534 1729 2566 vivere
1747 2542 1884 2565 romana
1902 2534 1934 2566 et
1951 2533 2076 2566 nullam

247 2596 447 2630 violenciam
472 2598 541 2639 pati
566 2597 610 2631 ab
634 2597 761 2639 aliquo,
786 2597 846 2630 sed
871 2605 935 2630 sua
959 2582 1081 2638 sponte
1105 2598 1137 2630 et
1162 2605 1228 2629 non
1254 2598 1380 2636 coacta,
1406 2598 1563 2637 certaque
1588 2596 1745 2635 sciencia,
1783 2595 1896 2628 habita
1921 2596 2072 2638 diligenti

166 2650 170 2651 ⁷
198 2668 202 2670 ·
250 2660 284 2693 et
306 2661 435 2694 matura
458 2660 700 2694 deliberatione
724 2668 827 2702 super
851 2659 1085 2701 infrascriptis,
1110 2658 1274 2692 Altissimi
1300 2658 1470 2693 Creatoris
1495 2659 1629 2691 nomine
1647 2659 1740 2700 prius
1758 2659 1926 2698 invocato,
1951 2660 2078 2692 consti-

248 2722 320 2755 tuta
342 2723 419 2756 ante
443 2721 556 2755 Altare
580 2722 689 2755 maius
714 2721 864 2755 Ecclesie
888 2723 1004 2754 sancte
1028 2721 1190 2755 Mustiole
1215 2720 1354 2755 Ordinis
1380 2721 1622 2754 Heremitarum
1648 2719 1760 2754 Sancti
1795 2720 1975 2762 Augustini
2002 2723 2076 2763 syte

250 2782 284 2816 in
307 2785 403 2826 porta
427 2783 623 2817 Palacenssi
649 2784 682 2816 in
707 2784 842 2816 civitate
877 2782 1001 2825 Papie;
1037 2783 1138 2816 flexis
1174 2783 1319 2825 genibus
1344 2784 1376 2815 in
1403 2783 1577 2824 presencia
1610 2781 1770 2824 Religiosi
1797 2781 1864 2815 Viri
1891 2782 2002 2816 fratris
2028 2783 2078 2816 la-

251 2845 327 2879 cobi
351 2846 394 2880 de
429 2845 586 2880 Stanchis
610 2846 653 2879 de
678 2845 837 2879 Valencia
874 2845 1021 2878 Lectoris
1046 2847 1078 2879 et
1102 2846 1212 2878 locum
1249 2846 1392 2878 tenentis
1418 2844 1588 2887 Regentis,
1613 2845 1645 2877 in
1671 2845 1762 2877 dicto
1786 2843 1964 2878 Conventu
1990 2846 2078 2878 dicte

252 2905 411 2949 Ecclesie,
435 2908 547 2942 fratris
572 2908 708 2942 Antonii
733 2909 776 2941 de
800 2907 995 2947 Smeraldis,
1020 2908 1131 2941 fratris
1156 2907 1292 2941 Ottonis
1317 2907 1360 2940 de
1384 2905 1562 2947 Cremona,
1587 2907 1698 2940 fratris
1724 2907 1870 2940 Iacobini
1897 2906 2021 2950 Spelte‚
2047 2910 2079 2941 et

309 3065 342 3092 (Ι)
363 3066 480 3089 Abbiamo
493 3067 534 3094 qui
556 3066 679 3094 vesempio
694 3066 716 3088 di
732 3072 778 3089 una
801 3066 878 3089 nobile
902 3066 971 3088 dama
994 3071 1090 3093 pavese,
1114 3065 1136 3088 la
1190 3071 1212 3087 n.
1228 3065 1320 3088 xxxw
1338 3065 1449 3099 abbiamo
1470 3065 1558 3088 veduto
1573 3071 1604 3087 un
1619 3065 1696 3087 nobile
1711 3065 1834 3092 d'Aqunea
1850 3065 1964 3088 dedicarsi
1980 3066 2002 3087 ul
2016 3065 2077 3088 Con·

256 3109 334 3138 quib,
347 3110 452 3134 secondo
465 3111 527 3134 l'uso
540 3110 564 3133 dl
579 3111 633 3139 quei
647 3110 729 3138 templ,
744 3110 764 3133 sl
783 3110 865 3132 dedica
886 3115 953 3133 corne
974 3109 1094 3132 Conversa
1114 3110 1136 3132 al
1191 3110 1262 3132 vento
1277 3109 1299 3132 di
1314 3109 1338 3132 S.
1356 3109 1479 3137 Agosnno.

257 3152 380 3178 convento
398 3155 547 3183 mantiniano
567 3155 591 3178 dl
605 3155 630 3178 S.
648 3155 771 3183 Mostiola3
792 3160 858 3178 come
881 3154 919 3182 gia
940 3154 977 3177 nel
1000 3154 1142 3177 documento
