2496 3600
1961 254 2022 285 183

204 380 342 413 fratrum
368 380 611 413 Heremitarum
637 382 767 415 ordinis
796 383 903 415 sancti
940 383 1121 426 Augustini
1147 384 1324 425 papiensis
1360 384 1597 426 principalium
1622 384 1655 416 in
1681 384 1771 417 dicta
1796 386 2022 426 expositionis

205 442 326 476 cedula
350 442 581 484 principaliter
604 444 852 477 nominatorum
878 446 1094 485 substitutus,
1120 446 1163 479 de
1187 455 1331 488 quorum
1357 446 1594 488 procuratione
1609 448 1641 478 et
1659 446 1913 479 substitutionis
1932 457 2025 480 man-

206 505 285 538 dato
309 505 409 537 nobis
433 505 543 537 extitit
567 505 728 547 legittime
753 507 920 547 edoctum,
946 517 1009 541 nos
1034 517 1110 541 cum
1148 509 1306 541 instantia
1343 509 1520 550 requisivit
1557 510 1726 549 quatenus
1762 509 1794 540 in
1831 509 2024 541 huiusmodi

205 575 319 606 causa,
345 575 436 599 more
462 567 573 607 solito,
599 568 819 602 inhibitiones
845 571 876 602 et
901 570 1028 603 litteras
1053 570 1267 603 inhibitorias
1292 571 1334 603 ad
1361 572 1475 612 partes
1501 571 1533 602 in
1558 570 1665 603 forma
1679 570 1778 603 solita
1797 571 1976 603 decernere
1993 573 2026 604 et

205 629 392 662 concedere
416 629 643 671 dignaremur,
669 640 710 663 ne
734 631 893 664 alterutra
918 633 1062 673 partium
1088 633 1120 664 in
1146 633 1369 674 preiudicium
1394 632 1544 672 alterius,
1570 632 1625 665 lite
1651 634 1683 665 et
1708 641 1813 665 causa
1838 633 1887 665 sic
1913 642 2025 665 coram

207 691 306 724 nobis
330 691 510 733 pendente,
535 692 674 725 innovet
697 693 826 734 aliquid
852 702 912 726 seu
938 696 1120 736 attemptet.
1145 695 1218 727 Nos
1243 695 1343 737 igitur
1367 695 1593 727 Francischus
1618 694 1810 737 Episcopus
1836 693 2028 727 Cardinalis

206 754 309 787 iudex
334 756 367 787 et
391 755 646 787 commissarius
671 756 823 796 prefatus
848 757 1060 790 attendentes
1097 758 1351 799 requisitionem
1384 757 1579 790 huiusmodi
1605 757 1676 790 fore
1702 758 1823 790 iustam
1849 758 1881 789 et
1905 766 2028 789 conso-

206 825 282 849 nam
307 817 445 856 racioni,
470 818 503 849 et
527 817 607 858 quia
631 818 719 850 iusta
752 819 945 859 petentibus
970 829 1036 851 non
1062 821 1115 852 est
1138 820 1362 861 denegandus
1398 828 1574 859 assensus,
1611 819 1765 852 volentes
1802 820 1964 860 quantum
1991 819 2023 850 in

207 878 306 911 nobis
331 880 392 918 est,
418 879 503 912 inter
526 881 640 920 partes
665 880 837 921 predictas
862 881 1077 922 equalitatem
1103 890 1239 914 servare
1265 891 1303 914 ac
1329 882 1483 923 partibus
1509 882 1605 923 ipsis,
1630 882 1731 914 dante
1757 880 1914 920 Domino,
1933 881 2029 913 iusti-

206 941 292 974 ciam
318 941 516 981 ministrareâ€š
542 943 577 974 ut
600 944 772 975 tenemur:
799 942 938 982 Idcirco,
963 946 1144 985 postquam
1170 944 1260 977 dicta
1285 945 1398 976 citatio
1421 944 1521 976 fuerit
1546 944 1692 986 legitime
1721 946 1902 985 exequuta,
1928 943 2028 976 vobis

206 1004 392 1036 reverendo
417 1004 502 1045 patri
527 1004 666 1037 domino
691 1004 864 1046 Episcopo
889 1006 1093 1045 novariensi,
1119 1006 1311 1047 vestrisque
1336 1006 1479 1039 Vicariis
1504 1008 1536 1039 et
1560 1006 1775 1045 officialibus,
1801 1015 1862 1038 nec
1886 1015 1953 1038 non
1979 1014 2029 1038 re-

207 1066 339 1108 ligiosis
364 1066 446 1098 viris
470 1066 617 1099 dominis
642 1066 766 1100 Abbati
793 1069 824 1100 et
849 1066 1041 1100 Conventui
1067 1069 1174 1101 sancti
1200 1068 1288 1101 Petri
1315 1069 1347 1100 in
1373 1068 1445 1101 celo
1481 1077 1584 1100 aureo
1621 1069 1776 1109 papiensi
1813 1077 1856 1100 ex
1882 1068 2028 1100 adverso

207 1129 463 1171 principalibus,
478 1130 576 1162 etiam
603 1130 635 1161 in
660 1130 750 1162 dicta
775 1131 1003 1171 expositionis
1028 1131 1149 1163 cedula
1173 1131 1403 1172 principaliter
1427 1131 1619 1170 nominatis,
1645 1140 1684 1163 ac
1711 1131 1870 1163 omnibus
1895 1130 1971 1162 aliis
1996 1132 2028 1162 et

207 1193 352 1235 singulis
376 1193 594 1234 supradictis,
619 1202 710 1225 more
736 1193 836 1225 solito
860 1193 1022 1225 duximus
1059 1193 1279 1226 inhibendum
1303 1196 1334 1226 et
1358 1195 1474 1226 tenore
1510 1194 1717 1235 presentium
1754 1193 1946 1225 inhibemus
1983 1202 2023 1225 ne

208 1265 282 1295 vos,
307 1256 491 1289 reverende
517 1257 612 1297 pater
635 1255 772 1288 domine
797 1255 967 1297 Episcope
1007 1257 1231 1295 novariensis,
1257 1258 1289 1288 et
1314 1256 1462 1298 religiosi
1488 1256 1550 1288 viri
1587 1256 1713 1288 domini
1739 1255 1856 1287 Abbas
1883 1257 1913 1287 et
1939 1253 2030 1288 Con-

207 1320 330 1352 ventus
355 1318 463 1351 sancti
488 1317 577 1350 Petri
604 1318 636 1349 in
662 1317 736 1350 celo
760 1326 863 1350 aureo
888 1318 1064 1359 papiensis
1089 1327 1132 1351 ex
1158 1319 1304 1351 adverso
1337 1318 1542 1360 principales
1568 1319 1600 1351 et
1624 1327 1742 1350 omnes
1767 1318 1822 1350 alii
1848 1319 1880 1350 et
1905 1317 2028 1359 singuli

208 1382 349 1421 iudices,
374 1381 502 1420 vicarii,
528 1381 762 1419 commissarii,
788 1380 952 1413 officiales
977 1382 1009 1413 et
1033 1390 1147 1413 eorum
1174 1381 1412 1420 locatenentes,
1438 1382 1597 1420 rectores,
1622 1381 1744 1419 cleriei,
1781 1381 1900 1412 notarii
1926 1382 1957 1412 et
1981 1382 2030 1412 ta-

209 1444 362 1477 beliones
387 1443 514 1486 publici
540 1443 725 1484 supradicti
751 1452 811 1484 per
835 1443 1004 1476 civitatem
1030 1445 1061 1475 et
1086 1444 1258 1476 diocesem
1284 1444 1520 1476 novariensem
1545 1452 1584 1475 ac
1608 1443 1693 1475 alias
1730 1442 1871 1475 ubilibet
1906 1442 2031 1474 consti-

208 1508 270 1540 tuti
295 1517 334 1540 ac
359 1507 566 1549 quicumque
590 1506 646 1539 alii
672 1515 731 1548 per
756 1515 819 1539 vos
844 1506 897 1538 vel
923 1506 1025 1538 alium
1059 1515 1120 1538 seu
1157 1506 1253 1546 alios,
1279 1506 1334 1538 lite
1359 1507 1391 1538 et
1416 1514 1521 1538 causa
1545 1506 1595 1538 sic
1621 1507 1655 1538 ut
1680 1505 1881 1546 premittitur
1916 1514 2029 1537 coram

209 1570 309 1602 nobis
334 1569 513 1611 pendente,
549 1568 664 1610 aliqua
699 1569 881 1601 occasione
907 1568 959 1600 vel
985 1577 1089 1600 causa
1114 1569 1146 1600 in
1172 1568 1396 1609 preiudicium
1422 1568 1586 1600 dictorum
1612 1567 1846 1609 religiosorum
1883 1567 2030 1599 virorum

209 1631 336 1665 Prioris
361 1633 393 1665 et
416 1630 617 1665 Conventus
641 1631 780 1664 fratrum
807 1631 1049 1663 Heremitarum
1075 1631 1204 1663 ordinis
1229 1631 1337 1663 sancti
1363 1630 1544 1672 Augustini
1569 1629 1806 1671 principalium
1822 1631 1856 1661 ut
1875 1629 1930 1662 lite
1948 1638 2032 1670 pen-

211 1696 312 1729 dente
336 1695 530 1728 huiusmodi
556 1696 588 1727 et
613 1694 856 1726 iurisdictionis
881 1695 995 1726 nostre
1020 1694 1062 1726 de
1088 1694 1200 1726 cetero
1225 1694 1406 1735 quicquam
1432 1693 1602 1725 innovetis
1627 1701 1686 1725 seu
1717 1693 1898 1731 intentetis,
1935 1693 2032 1724 inno-

211 1761 291 1792 vent
315 1767 376 1791 seu
400 1759 573 1797 attentent,
598 1758 656 1789 aut
680 1757 925 1798 quoquomodo
950 1757 1112 1788 innovare
1137 1765 1199 1788 seu
1223 1757 1385 1788 attentare
1417 1756 1624 1797 presumant,
1660 1755 1768 1787 donec
1794 1757 1825 1787 et
1850 1763 2031 1796 quousque

212 1830 316 1855 causa
340 1830 400 1854 seu
426 1829 529 1853 cause
554 1820 750 1852 huiusmodi
776 1828 836 1861 per
860 1828 923 1852 nos
948 1819 1000 1851 vel
1026 1819 1139 1859 alium,
1165 1819 1264 1852 nobis
1281 1819 1374 1851 torte
1400 1819 1432 1850 in
1458 1818 1652 1851 huiusmodi
1685 1818 1809 1857 causis,
1846 1818 2034 1860 sobrogan-

212 1884 291 1916 dum
317 1883 462 1916 iudicem
487 1885 519 1915 et
544 1882 814 1915 commissarium
839 1879 902 1922 (1),
931 1881 1054 1914 fuerint
1077 1881 1252 1914 terminate
1266 1883 1299 1914 et
1312 1881 1458 1923 legitime
1483 1881 1604 1922 sopite.
1623 1879 1723 1918 Quod
1741 1880 1769 1912 si
1788 1889 1890 1912 secus
1908 1879 2032 1912 factum

211 1946 311 1979 fuerit
336 1946 368 1978 id
394 1947 500 1978 totum
527 1954 686 1977 revocare
711 1946 743 1977 et
768 1945 800 1976 in
827 1945 950 1976 statum
976 1944 1154 1985 pristinum
1185 1944 1346 1976 reducere
1383 1943 1577 1975 curabimus
1614 1942 1748 1975 iusticia
1785 1942 1964 1981 mediante,
2001 1943 2033 1974 et

211 2009 296 2041 alias
321 2009 354 2040 in
379 2008 574 2040 huiusmodi
600 2007 743 2049 negocio
769 2016 843 2039 cum
869 2008 962 2048 parte
987 2015 1100 2038 coram
1126 2006 1225 2038 nobis
1250 2007 1465 2047 comparente
1490 2005 1726 2047 procedemus,
1745 2013 1806 2037 seu
1823 2005 1934 2037 dictus
1952 2004 2034 2037 sub-

211 2071 384 2114 rogandus
409 2070 512 2103 iudex
538 2072 570 2103 et
594 2070 851 2103 commissarius
876 2069 1037 2111 procedet
1062 2070 1162 2110 prout
1185 2068 1284 2101 fuerit
1309 2068 1459 2100 rationis.
1486 2067 1580 2100 Hanc
1605 2069 1716 2100 autem
1754 2067 1948 2099 huiusmodi
1975 2076 2034 2098 no-

211 2135 315 2166 stram
340 2133 574 2165 inhibitionem
599 2132 700 2165 vobis
724 2132 883 2164 omnibus
908 2133 940 2164 et
964 2131 1110 2173 singulis
1146 2130 1362 2172 supradictis,
1399 2130 1525 2171 quibus
1562 2131 1737 2171 presentes
1775 2131 1888 2161 nostre
1925 2129 2031 2161 littere

213 2196 413 2238 diriguntur,
454 2195 679 2233 notificamus,
716 2194 928 2226 insinuamus
954 2195 985 2226 et
1009 2194 1051 2225 ad
1077 2195 1224 2226 vestram
1250 2194 1282 2225 et
1307 2192 1488 2225 cuiuslibet
1524 2193 1673 2224 vestrum
1710 2192 1869 2224 noticiam
1907 2191 2030 2223 deduci

211 2258 371 2291 volumus
396 2267 456 2299 per
491 2259 678 2299 presentes,
704 2265 745 2289 ne
770 2256 812 2289 de
838 2256 1015 2298 premissis
1052 2256 1200 2296 aliquam
1237 2255 1460 2297 ignorantiam
1497 2254 1692 2296 pretendere
1729 2254 1935 2295 presumatis
1971 2262 2031 2286 seu

211 2321 311 2354 etiam
337 2320 492 2362 allegare.
519 2319 554 2352 ln
579 2328 723 2361 quorum
748 2319 897 2351 omnium
922 2320 954 2351 et
986 2317 1196 2360 singulorum
1235 2317 1337 2350 fidem
1363 2318 1395 2350 et
1420 2317 1648 2349 testimonium
1685 2317 1862 2357 presentes
1898 2317 2033 2348 nostras

211 2383 424 2416 inhibitionis
449 2382 589 2421 litteras,
613 2390 673 2414 seu
700 2381 764 2413 hoc
789 2389 932 2422 presens
958 2380 1132 2422 publicum
1157 2380 1415 2412 instrumentum
1441 2378 1566 2411 exinde
1590 2379 1660 2411 fieri
1686 2379 1718 2411 et
1743 2387 1803 2420 per
1819 2377 1954 2410 Petrum
1973 2387 2033 2410 no-

211 2446 331 2479 tarium
356 2445 531 2487 publicum
557 2446 777 2485 nostrumque
802 2444 835 2475 in
860 2443 1053 2476 huiusmodi
1080 2451 1185 2475 causa
1209 2451 1322 2475 coram
1348 2441 1448 2474 nobis
1483 2441 1630 2474 scribam
1667 2440 1915 2481 infrascriptum
1953 2440 2034 2472 sub-

211 2509 314 2542 scribi
339 2509 371 2541 et
396 2507 562 2549 publicari
588 2506 826 2540 mandavimus
850 2506 1025 2547 nostrique
1050 2505 1151 2547 sigilli
1171 2505 1334 2538 iussimus
1351 2503 1563 2546 appensione
1581 2503 1711 2535 muniri.
1730 2501 1854 2535 Datum
1872 2503 1904 2534 et
1921 2504 2032 2534 actum

211 2570 344 2604 Perusii
370 2571 402 2603 in
428 2570 531 2603 domu
557 2569 776 2602 habitationis
801 2570 924 2608 nostre,
950 2568 1032 2600 hora
1058 2576 1277 2609 vesperarum
1303 2567 1356 2599 vel
1382 2566 1492 2608 quasi,
1517 2565 1616 2598 nobis
1641 2573 1763 2598 versus
1780 2564 1954 2606 pallatium
1972 2564 2035 2596 do-

212 2634 292 2666 mini
318 2633 423 2666 nostri
449 2631 542 2674 Pape
566 2631 838 2665 transeuntibus:
864 2631 930 2663 sub
954 2639 1044 2663 anno
1069 2639 1088 2662 a
1113 2630 1286 2662 nativitate
1311 2629 1438 2661 domini
1464 2627 1643 2660 millesimo
1667 2627 1903 2660 trecentesimo
1928 2635 2034 2658 nona-

211 2697 343 2739 gesimo
367 2695 532 2735 secundo,
558 2694 742 2727 indictione
766 2693 1027 2736 quintadecima,
1052 2693 1107 2725 die
1132 2701 1213 2725 vero
1238 2691 1382 2730 veneris,
1408 2692 1531 2723 octavo
1556 2690 1683 2722 mensis
1697 2689 1902 2728 novembris,
1917 2687 2034 2721 Ponti-

212 2759 334 2792 ficatus
358 2758 565 2791 sanctissimi
591 2758 624 2790 in
649 2755 786 2790 Christo
811 2756 917 2798 patris
941 2756 1068 2788 domini
1093 2755 1198 2788 nostri
1224 2754 1350 2787 domini
1376 2753 1534 2786 Bonifatii
1552 2752 1668 2784 divina
1696 2751 1915 2784 Providentia
1939 2749 2032 2792 Pape

213 2821 292 2854 noni
317 2830 406 2854 anno
430 2821 545 2860 tercio,
570 2819 787 2862 presentibus
827 2819 951 2851 ibidem
988 2817 1183 2851 reverendis
1208 2817 1240 2849 in
1266 2814 1402 2850 Christo
1427 2815 1580 2857 patribus
1605 2816 1638 2847 et
1662 2814 1809 2847 dominis
1834 2815 1866 2846 et
1883 2813 2031 2846 dominis

212 2883 417 2918 Tomacensi
443 2886 475 2917 et
499 2882 747 2917 Concordiensi
773 2881 967 2924 Episcopis,
991 2889 1031 2913 ac
1055 2880 1302 2921 circumspecto
1327 2879 1400 2911 viro
1424 2878 1562 2910 domino
1587 2876 1824 2909 Bartholomeo
1849 2876 1891 2908 de
1916 2875 2032 2908 Nova-

212 2947 261 2980 ria
284 2947 372 2980 sacri
397 2946 591 2980 consistorii
616 2945 796 2984 advocato,
820 2943 967 2977 testibus
991 2943 1034 2975 ad
1061 2942 1229 2984 premissa
1254 2941 1386 2974 vocatis
1411 2939 1604 2982 specialiter
1627 2941 1660 2972 et
1684 2938 1824 2981 rogatis.

267 3103 299 3130 (1)
313 3104 330 3126 11
344 3103 475 3131 cardinale,
489 3103 531 3126 che
546 3109 589 3126 con
604 3103 671 3125 tanto
686 3102 737 3125 zelo
755 3107 829 3124 aveva
850 3102 981 3128 intrapreso
996 3100 1018 3122 la
1038 3101 1096 3122 trat-
1149 3099 1190 3121 the
1205 3099 1335 3126 prevenuto
1349 3097 1410 3120 dalla
1424 3099 1508 3125 morte,
1523 3102 1588 3119 come
1603 3097 1707 3119 vedrassi
1722 3096 1783 3118 dalla
1798 3095 1860 3118 bolla
1875 3095 1912 3117 del
1925 3095 1938 3116 7
1952 3094 2026 3122 aprile

214 3149 307 3172 mione
321 3149 344 3171 dl
359 3150 444 3176 questa
457 3154 538 3176 causa,
552 3153 599 3170 non
613 3147 669 3175 pote
684 3147 742 3175 pero
760 3146 872 3169 condurla
886 3151 900 3168 a
914 3145 1020 3172 termine,
1042 3150 1092 3172 perÎ‡
1147 3143 1206 3171 139â´,
1221 3143 1274 3166 doc.
1289 3149 1311 3165 n.
1327 3142 1394 3165 CVll.
