2496 3600
1933 269 1972 301 15

118 390 119 393 ¹
155 400 308 436 eiusdem
331 399 442 433 Patris
466 398 582 441 regula
605 399 729 441 degitis
761 401 793 432 et
825 401 942 432 sancta
966 399 1204 432 observatione
1229 398 1388 438 militatis,
1414 399 1540 440 quique
1565 399 1690 432 divinis
1715 400 1869 432 insistitis
1905 400 1976 432 lau-

157 462 269 502 dibus,
293 462 424 495 vacatis
458 462 612 501 orationi,
652 462 824 494 intenditis
860 462 1096 501 exhortationi,
1136 461 1303 494 insudatis
1339 462 1452 494 studio
1488 463 1520 494 et
1544 462 1728 494 animarum
1765 462 1863 494 saluti
1900 471 1978 503 pro-

157 525 301 570 pensius
325 523 483 566 vigilatis,
508 523 701 565 specialiter
725 524 915 563 honoretur;
941 525 1109 565 quatenus
1134 524 1215 556 inibi
1240 525 1411 565 tamquam
1429 523 1578 556 membra
1595 532 1658 556 suo
1676 524 1788 565 capiti,
1806 523 1863 555 filii
1881 524 1977 565 patri,

160 586 321 628 magistro
345 584 515 626 discipuli,
540 585 618 617 duci
644 585 777 624 milites,
803 585 1002 618 coherentes
1038 584 1112 618 Deo
1137 587 1169 617 et
1194 585 1258 627 ipsi
1284 584 1424 624 Sancto,
1449 585 1646 618 auctoritate
1679 585 1751 617 fulti
1780 585 1978 627 apostolica,

158 647 405 691 precordialius
440 638 599 686 iubiletis,
625 646 682 678 ubi
707 648 739 679 et
764 645 978 688 Preceptoris
1014 647 1128 686 vestri,
1153 646 1273 686 Patris,
1306 645 1423 686 Ducis,
1449 648 1481 679 et
1505 645 1636 688 Capitis
1662 646 1840 689 Augustini
1877 655 1981 678 nove-

163 710 234 743 ritis
259 695 420 751 reliquias
443 708 514 741 fore
539 708 692 750 sepultas
709 705 771 748 (1).
790 708 986 750 Eapropter,
1011 709 1054 741 ad
1080 709 1240 742 honorem
1277 710 1393 742 sancte
1418 718 1457 741 ac
1483 709 1656 741 individue
1685 708 1869 747 TrInitatis,
1898 708 1983 741 Bea-

162 773 195 805 te
219 773 252 804 et
275 770 421 813 gloriose
457 778 659 811 semperque
696 769 843 811 Virginis
880 768 1061 803 Genitricis
1097 769 1159 803 Dei
1185 771 1303 810 Marie‚
1329 771 1502 803 beatorum
1535 770 1623 803 Petri
1649 772 1681 803 et
1713 770 1807 803 Pauli
1837 770 1984 812 Aposto-

163 832 270 866 lorum
294 832 379 872 eius,
403 840 443 864 ac
468 831 620 870 eiusdem
646 831 734 863 beati
760 830 939 873 Augustini
965 830 1123 864 Doctoris
1148 833 1284 874 egregii,
1309 833 1525 874 omniumque
1551 831 1760 871 Sanctorum,
1785 841 1916 864 necnon
1935 832 1986 864 di-

163 894 232 927 vini
258 893 369 926 cultus
393 894 645 936 augumentum,
670 893 712 925 de
738 892 888 925 Fratrum
914 896 1103 926 nostrorum
1121 894 1264 926 consilio
1282 891 1343 935 (2),
1361 895 1558 927 auctoritate
1583 894 1771 936 apostolica
1796 895 1985 933 statuimus,

160 965 204 990 ac
225 943 327 989 vetiam
352 956 559 995 ordinamus,
584 955 676 997 quod
702 954 834 988 Fratres
859 956 961 988 vestri
987 954 1126 988 Ordinis
1151 956 1276 997 quibus
1312 957 1416 998 presit
1452 955 1548 989 Prior
1579 957 1765 989 secundum
1802 957 1987 989 observan-

157 1018 243 1052 tiam
267 1018 378 1060 ipsius
401 1016 540 1051 Ordinis
565 1016 796 1056 Eremitarum,
832 1017 927 1050 iuxta
962 1017 1141 1050 ecclesiam
1177 1018 1370 1050 monasterii
1407 1017 1440 1051 S.
1477 1018 1566 1051 Petri
1603 1019 1635 1051 in
1671 1017 1755 1052 Celo
1790 1028 1893 1051 aureo
1929 1027 1989 1060 pa-

166 1080 307 1123 piensis,
332 1080 386 1113 cui
411 1081 525 1121 preest
560 1078 678 1112 Abbas
714 1081 746 1111 et
786 1077 985 1112 Conventus
1021 1078 1270 1112 Canonicorum
1307 1079 1522 1122 Regularium
1558 1079 1697 1113 Ordinis
1734 1080 1770 1113 Β.
1807 1080 1989 1122 Augustini

165 1141 319 1185 predicti,
355 1141 480 1184 degant
515 1141 608 1180 inibi,
644 1141 709 1174 sub
734 1141 865 1180 eodem,
890 1141 989 1173 etiam
1015 1141 1043 1174 si
1072 1141 1115 1174 ad
1141 1141 1325 1176 Romanam
1362 1141 1549 1174 Ecclesiam
1574 1142 1666 1174 nullo
1702 1143 1889 1183 pertineant
1922 1151 1991 1174 me-

165 1204 291 1244 diante,
316 1204 373 1236 ubi
399 1212 532 1236 sacrum
557 1211 682 1244 corpus
706 1203 859 1236 eiusdem
885 1202 922 1235 B.
947 1202 1127 1245 Augustini
1153 1212 1230 1236 esse
1255 1203 1377 1236 dicitur
1394 1204 1588 1237 solemniter
1603 1204 1817 1243 tumulatum,
1846 1205 1990 1237 mediate

164 1266 222 1300 vel
247 1265 448 1305 immediate,
473 1266 572 1307 prout
596 1265 737 1308 eisdem*
761 1264 867 1297 Priori
901 1267 933 1298 et
957 1265 1129 1298 Fratribus
1154 1265 1323 1298 videbitur
1358 1266 1520 1307 expedire
1545 1268 1577 1298 et
1601 1266 1777 1298 commode
1801 1266 1871 1298 fieri
1897 1267 1992 1307 pote-

170 1328 222 1368 rit,
247 1337 356 1370 usque
382 1327 425 1360 ad
450 1327 652 1370 vigesimum
677 1327 841 1369 quintum,
860 1327 912 1360 vel
931 1328 1093 1360 tricenum
1112 1337 1286 1360 numerum
1300 1327 1342 1360 ad
1362 1328 1472 1360 minus
1490 1325 1551 1369 (3),
1570 1328 1664 1361 iuxta
1682 1329 1908 1369 subscriptam
1926 1328 1993 1360 for-

171 1399 260 1424 mam
283 1389 430 1423 debeant
455 1389 602 1429 insimul,
627 1389 801 1431 perpetuis
836 1389 957 1422 futuris
993 1390 1214 1431 temporibus,
1239 1390 1400 1422 habitare.
1438 1388 1608 1432 Quodque
1634 1399 1697 1423 vos
1723 1390 1835 1422 dictos
1861 1390 1994 1422 Fratres

162 1452 294 1486 ibidem
319 1460 428 1493 usque
453 1451 496 1484 ad
520 1451 716 1484 huiusmodi
742 1460 916 1484 numerum
941 1452 1121 1484 teneamini
1146 1452 1309 1493 deputare
1335 1461 1433 1493 quos,
1451 1454 1563 1485 actore
1581 1451 1665 1492 Deo,
1684 1452 1850 1485 studeatis
1867 1452 1993 1484 habere

107 1514 110 1515 ’
158 1515 256 1548 ,etate
281 1515 441 1553 maturos,
466 1513 584 1546 literali
610 1513 752 1546 scientia
776 1513 929 1555 preditos
947 1515 979 1546 et
1003 1514 1146 1546 honesta
1171 1514 1429 1547 conversatione
1447 1514 1601 1553 decoros,
1616 1514 1867 1547 remanentibus
1884 1515 1994 1546 tamen

169 1576 271 1610 dictis
295 1575 427 1609 Abbate
453 1577 485 1608 et
509 1573 689 1609 Conventu
714 1574 976 1615 Canonicorum,
1001 1577 1101 1617 prout
1125 1576 1191 1618 ipsi
1228 1585 1316 1609 nunc
1353 1578 1441 1615 sunt,
1479 1577 1511 1608 in
1548 1576 1751 1609 monasterio
1787 1575 1973 1617 praelibato
1988 1601 1995 1614 ,

166 1638 260 1672 sicut
283 1637 368 1671 infra
391 1637 526 1686 plenius
551 1639 603 1670 est
635 1646 848 1679 expressum.
874 1636 963 1671 Sane
988 1637 1139 1670 Fratrum
1165 1638 1328 1670 habitatio
1353 1638 1580 1679 predictorum
1617 1638 1839 1671 constituatur
1863 1638 1895 1669 in
1921 1637 1997 1670 loco

171 1700 315 1740 decenti,
340 1700 436 1733 iuxta
459 1699 642 1733 ecclesiam
667 1700 864 1733 monasterii
882 1700 1056 1739 antedicti,
1081 1702 1181 1742 prout
1206 1700 1364 1741 superius
1389 1702 1441 1733 est
1465 1709 1679 1741 expressum,
1697 1701 1729 1733 et
1746 1700 1789 1732 ab
1814 1699 1996 1732 eorundem

171 1761 319 1796 Abbatis
343 1763 376 1795 et
399 1760 649 1795 Canonicorum
675 1762 941 1794 habitationibus
966 1762 1009 1794 sit
1034 1763 1190 1802 discreta,
1216 1764 1248 1795 et
1272 1762 1381 1795 taliter
1405 1762 1614 1804 disponatur,
1651 1762 1743 1804 quod
1776 1762 1842 1804 ipsi
1867 1761 1998 1794 Fratres

171 1825 317 1859 eandem
334 1824 513 1857 ecclesiam
531 1824 611 1857 dicti
634 1825 828 1857 monasterii
846 1833 907 1866 per
923 1824 1022 1857 aliam
1037 1826 1166 1866 portam
1185 1825 1226 1857 de
1245 1834 1335 1857 novo
1353 1825 1433 1857 inibi
1455 1824 1644 1857 faciendam
1678 1825 1780 1857 libere
1814 1824 1942 1866 ingredi
1967 1826 1999 1856 et

167 1886 289 1929 egredi
313 1886 458 1926 valeant,
483 1895 522 1919 ac
547 1887 580 1919 in
605 1886 724 1919 eadem
749 1886 896 1919 ecclesia
919 1896 996 1919 cum
1029 1887 1129 1919 dictis
1154 1886 1286 1919 Abbate
1312 1889 1344 1919 et
1380 1885 1574 1926 Canonicis,
1608 1887 1701 1919 iuxta
1737 1887 1873 1919 modurn
1910 1887 2000 1919 desi-

170 1950 313 1991 gnatum
338 1947 487 1988 inferius,
513 1948 545 1980 in
570 1948 696 1981 divinis
721 1948 843 1981 officiis
867 1948 1042 1988 interesse,
1067 1949 1197 1981 etiamsi
1223 1949 1313 1981 dicta
1337 1949 1483 1981 ecclesia
1508 1949 1641 1987 existat,
1667 1950 1699 1981 et
1723 1949 1916 1981 huiusmodi
1942 1949 2000 1981 ha-

177 2010 294 2044 bitatio
319 2010 471 2052 ipsorum
489 2009 639 2043 Fratrum
663 2010 772 2050 fuerit,
798 2010 883 2043 infra
907 2011 1054 2052 spatium
1080 2020 1273 2051 cannarum,
1299 2011 1383 2043 infra
1408 2011 1500 2052 quod
1525 2010 1704 2043 ecclesiam
1730 2011 1783 2043 vel
1808 2011 1999 2049 oratorium,

171 2081 238 2106 seu
262 2072 373 2106 locum
398 2071 593 2114 religiosum
619 2074 676 2105 aut
701 2072 942 2105 habitationem
968 2073 1201 2115 religiosorum
1228 2082 1294 2105 non
1312 2073 1436 2105 debere
1455 2073 1615 2112 construi,
1638 2073 1808 2105 nonnullis
1833 2073 2000 2114 religiosis

177 2133 443 2167 Mendicantium
469 2137 501 2168 et
525 2134 715 2176 aliquorum
747 2134 888 2167 aliorum
925 2133 1101 2174 Ordinum,
1138 2144 1199 2176 per
1233 2135 1382 2176 speciale
1419 2134 1616 2176 Apostolice
1653 2133 1752 2168 Sedis
1788 2134 2000 2176 privilegium

171 2197 229 2230 -est
253 2196 429 2236 indultum;
454 2197 600 2238 talisque
626 2205 729 2238 super
753 2197 817 2229 hoc
843 2197 995 2238 provisio
1020 2197 1192 2236 habeatur,
1222 2197 1313 2238 quod
1350 2197 1430 2229 dicti
1467 2196 1584 2229 Abbas
1610 2199 1642 2229 et
1666 2195 1828 2230 Canonici
1866 2198 2002 2237 propter

174 2258 373 2292 huiusmodi
398 2261 528 2301 portam
553 2259 754 2298 faciendam,
779 2260 811 2291 et
837 2259 1077 2291 habitationem
1096 2259 1245 2300 ipsorum
1275 2259 1435 2298 Fratrum,
1454 2261 1488 2291 ut
1506 2259 1714 2300 premittitur,
1744 2259 2001 2300 disponendam,

178 2323 348 2363 nequeant
372 2322 405 2354 in
430 2322 503 2354 suis
528 2321 794 2354 habitationibus
819 2322 984 2363 impediri,
1010 2321 1071 2354 sed
1097 2321 1323 2354 habitationes
1347 2322 1513 2354 dictorum
1538 2321 1687 2354 Fratrum
1705 2321 1748 2353 ab
1767 2321 1915 2362 ipsorum
1933 2319 2002 2352 Ab-

176 2383 267 2416 batis
291 2385 324 2417 et
348 2382 598 2417 Canonicorum
635 2383 902 2416 habitationibus
926 2384 994 2416 sint
1028 2383 1184 2423 discrete,
1221 2384 1318 2416 acin
1343 2383 1489 2416 diversis
1525 2383 1710 2416 refectoriis
1745 2382 1933 2421 comedant,
1970 2384 2002 2415 et

88 2491 90 2493 Ι
174 2445 382 2478 dormitoriis
406 2445 583 2485 dormiant,
610 2446 642 2478 hi
668 2447 700 2478 et
724 2445 770 2477 illi
796 2445 829 2477 in
854 2446 926 2478 suis
951 2445 1137 2478 refectoriis
1162 2447 1194 2478 et
1218 2445 1423 2478 dormitoriis
1448 2445 1635 2486 separatis:
1661 2445 1783 2477 dictam
1808 2446 1918 2476 autem
1944 2444 2003 2476 ha-

85 2498 113 2543 ,³3
134 2539 137 2545 ,
177 2506 372 2540 bitationem
397 2508 430 2540 et
454 2507 587 2547 domos,
613 2506 826 2540 refectorium
851 2507 991 2546 scilicet,
1017 2507 1259 2546 dormitorium,
1284 2507 1478 2546 claustrum,
1504 2507 1645 2545 hortum,
1671 2515 1746 2538 cum
1764 2505 1839 2538 aliis
1857 2505 2003 2538 officinis

234 2663 265 2692 (Ι)
278 2664 361 2692 ognun
375 2665 434 2687 vede
448 2665 490 2687 che
504 2665 519 2686 il
534 2664 598 2691 Papa
612 2664 642 2686 ad
657 2663 781 2686 accordare
791 2664 836 2690 agli
847 2663 971 2686 Eremltani
982 2663 1004 2685 dl
1020 2664 1067 2685 sta-

182 2709 281 2732 bitinia
295 2709 319 2732 S.
335 2709 421 2736 Pietro,
442 2709 467 2731 fu
491 2714 572 2731 mosso
593 2709 653 2731 oltre
674 2709 716 2730 che
738 2708 792 2730 dall'
801 2708 853 2730 idea
874 2708 897 2729 dl
919 2708 1064 2734 compiacere

179 2759 197 2776 a
210 2753 376 2781 quell’ordlne,
386 2754 428 2776 che
438 2754 504 2776 tanto
514 2758 606 2780 amave,
617 2753 654 2775 dal
665 2752 788 2779 proposito
799 2751 822 2773 dl
832 2757 965 2774 accrescere
975 2751 990 2773 il
1000 2752 1064 2773 culto

183 2798 206 2821 di
219 2797 244 2821 S.
258 2797 380 2826 Agosuno,
395 2797 418 2820 di
433 2798 469 2820 cul
484 2799 548 2820 tesse
563 2803 594 2819 un
608 2797 657 2819 cosi
672 2796 795 2824 splendido
814 2796 898 2823 elogio.
921 2796 985 2818 Nella
1001 2795 1062 2818 bolla

181 2841 227 2870 ml
241 2847 288 2865 non
300 2847 410 2870 aceenna,
424 2847 546 2864 nemmeno
561 2841 758 2867 indirettamente,
772 2839 802 2862 ad
817 2840 876 2862 altre
898 2839 995 2866 ragioni.
1018 2839 1062 2862 Per

178 2891 344 2914 conmenta
357 2892 403 2909 non
417 2886 447 2908 lm
460 2886 611 2908 fondamento
625 2885 709 2908 alcuno
723 2885 904 2907 l‘attermazione
919 2884 948 2906 da
959 2884 1064 2911 parecchi

180 2929 294 2958 ripetutn,
315 2931 357 2953 che
378 2931 408 2958 gil
432 2930 557 2953 Eremltani
580 2931 728 2952 ottenessero
749 2929 771 2951 la
793 2928 944 2950 concessione
966 2935 978 2946 α
993 2928 1065 2950 multa

179 2979 230 2998 non
243 2979 299 2998 vern
312 2976 434 2998 narrantes
447 2982 459 2994 ι
482 2974 632 3001 (pannem,
647 2979 684 3001 ορ.
700 2974 740 2996 cit.
755 2979 809 3000 pag.
824 2973 880 2999 211).
895 2972 1011 2995 Vedrerno
1025 2972 1067 2994 che

95 3014 133 3052 ῐξΪ,
178 3019 268 3047 quem
281 3019 440 3042 iminunzione
455 3019 474 3041 si
489 3019 547 3041 basa
561 3018 598 3041 sul
613 3018 754 3041 documento
769 3023 791 3039 n.
806 3017 844 3044 ΧΙ,
864 3018 906 3039 che
921 3017 933 3038 e
947 3016 1015 3039 falso.

236 3061 267 3090 (ὃ
280 3063 353 3086 Narra
367 3063 383 3085 ll
397 3062 424 3085 Β.
439 3062 558 3086 OEordano
572 3062 602 3085 da
616 3061 727 3085 sansonis
741 3060 802 3087 (Vir.
818 3061 895 3084 Fratr.
911 3066 963 3088 cap.
978 3060 1066 3086 XVlln:

95 3098 99 3099 ⁷
122 3102 126 3107 ’
181 3113 199 3126 <
211 3105 270 3130 Cum
283 3108 362 3130 autem
376 3107 420 3130 hoc
434 3107 553 3134 negotium
567 3105 638 3132 (della
652 3106 803 3129 concessione
818 3105 840 3127 dl
855 3105 879 3127 S.
896 3105 974 3127 Pletro
985 3105 1007 3126 in
1018 3103 1066 3127 ciel

184 3149 258 3174 d'oro
270 3151 316 3179 2311
332 3151 466 3178 Eremmnt)
479 3151 503 3174 ln
517 3150 664 3174 Conslstorlo
683 3155 761 3173 coram
780 3149 933 3172 sanctissimo
949 3148 974 3171 P.
990 3148 1018 3170 D.
1034 3148 1068 3170 lo-

1120 2664 1194 2685 hanne
1210 2664 1273 2690 Papa
1288 2664 1347 2685 xxn
1363 2665 1386 2685 et
1401 2665 1452 2685 toto
1467 2663 1569 2689 Collegio
1584 2668 1679 2684 suorum
1695 2661 1849 2684 Cardlnalium
1867 2662 2000 2684 solemniter

1119 2707 1266 2734 propositum
1282 2708 1353 2733 esset,
1369 2707 1420 2728 istis
1435 2706 1589 2728 existentibus
1604 2706 1626 2727 in
1642 2706 1743 2727 tractatu
1758 2705 1844 2732 negotii
1859 2704 1998 2727 eiusdem...

1118 2751 1178 2773 inter
1193 2751 1235 2772 lias
1249 2751 1386 2772 collationes
1401 2750 1508 2772 dominus
1524 2749 1586 2776 Papa
1602 2749 1663 2771 illius
1677 2750 1735 2771 nutu
1757 2750 1843 2775 tactus,
1865 2749 1904 2775 qui
1926 2749 2001 2775 spirat

1117 2795 1156 2816 ubi
1171 2795 1229 2822 vult,
1245 2795 1310 2816 tanto
1325 2794 1415 2816 fervore
1429 2793 1459 2815 ad
1474 2794 1592 2820 negotium
1607 2794 1643 2815 est
1658 2793 1764 2820 affectus,
1776 2794 1801 2815 ut
1811 2793 1856 2814 iam
1867 2798 1912 2814 non
1922 2792 2000 2819 iudex,

1116 2839 1158 2861 sed
1172 2839 1302 2860 advocatus
1312 2840 1335 2860 et
1346 2839 1459 2865 patronus
1470 2837 1555 2864 negotii
1571 2837 1696 2859 videretur.
1713 2836 1817 2859 Diversis
1827 2837 1906 2863 ltaque
1917 2838 2001 2859 tracta-

1120 2883 1184 2905 tibus
1205 2888 1276 2909 super
1290 2882 1371 2904 eodem
1394 2882 1487 2909 negotio
1506 2882 1565 2903 inter
1584 2881 1701 2904 dominum
1722 2881 1809 2908 Papam
1824 2882 1847 2903 et
1866 2880 2001 2903 cardinale:

1119 2927 1213 2955 habitis,
1229 2926 1322 2949 tandem
1337 2926 1439 2953 gratiose
1454 2926 1589 2948 conclusum
1604 2927 1640 2948 est
1655 2933 1675 2948 ».

1174 2971 1204 2998 (3)
1219 2971 1226 2992 l
1242 2971 1314 2992 nostrl
1330 2970 1462 2992 documenti
1477 2970 1663 2992 dimostreranno
1677 2970 1720 2992 che
1735 2971 1819 2997 queste
1840 2968 1999 2996 disposizlone

1123 3015 1147 3038 iu
1162 3021 1254 3042 sempre
1269 3015 1398 3042 asservata,
1413 3020 1426 3036 e
1440 3015 1482 3036 che
1497 3015 1512 3036 ll
1526 3015 1641 3036 convento
1656 3014 1678 3036 dl
1693 3014 1716 3036 S.
1732 3014 1845 3041 Agostino
1868 3013 1930 3035 ando
1948 3013 1999 3035 anzi

1120 3059 1296 3087 gradatamente
1309 3058 1484 3081 accrescendosi
1499 3059 1551 3081 sino
1565 3058 1595 3081 ad
1609 3058 1737 3086 accogllere
1752 3058 1819 3086 quasi
1834 3064 1865 3080 un
1884 3057 1999 3080 centinalo

1121 3104 1143 3125 di
1159 3103 1268 3130 rellgiosl.
1295 3116 1297 3118 -
