2496 3600
608 8 613 12 ,
625 0 1009 32 μίᾘῆ-,ῃθπξτρῗζτῖἥτυῑαι..
1034 0 1221 28 ,ιττἾν-,ῑῑῂινςΐζμ
1244 0 1251 5 -
1273 0 1352 14 --‚·s-
1390 0 1444 18 J
1460 26 1461 29 ¹
1488 16 1495 22 ,.
1518 17 1522 22 Δ
1537 19 1548 34 ι,
1571 13 1603 27 2„
1655 26 1658 27 γ
1675 17 1680 21 ⁴
1715 23 1725 27 -
1747 7 1818 35 ch's,
1833 2 1971 34 “Q-¹·

447 297 675 323 4—„-
688 309 761 313 -..--

1243 479 1523 522 XXXVII.

559 604 664 633 Frate
690 602 865 640 Agostino
889 601 935 631 da
960 600 1108 631 Padova
1133 608 1152 630 e
1177 599 1267 630 frate
1303 598 1424 629 Pietro
1453 598 1499 628 da
1523 597 1686 641 Bologna
1720 597 1943 636 procuratori
1966 597 2062 636 degli
2097 596 2296 635 Eremitani
2331 587 2371 630 2²⁶

469 657 638 688 ricevono
663 656 722 686 dai
747 654 916 686 Canonici
941 652 1153 684 Later-anesi
1177 652 1200 682 1'
1217 651 1430 682 investitura
1454 651 1512 683 del
1537 651 1675 682 sedime
1699 654 1917 690 comper-ato.
2338 652 2366 666 '²‘

1144 784 1302 817 1343,
1320 783 1524 817 aptae,
1543 783 1623 810 ιε.

977 872 1056 899 (Arch.
1072 871 1095 895 di
1110 871 1187 900 suto,
1202 872 1291 894 Milano
1306 883 1331 893 ·.-
1346 871 1453 899 Pergam.
1468 871 1493 894 S.
1509 871 1588 894 Pletro
1602 872 1625 894 ln
1640 871 1689 895 ciel
1704 870 1789 897 d'oro).

488 1078 490 1149 j
546 1019 707 1186 A
722 1085 801 1114 ΝΝΟ
824 1090 844 1113 a
869 1081 1044 1113 nativitate
1069 1079 1206 1112 Domini
1233 1078 1414 1112 millesimo
1438 1078 1669 1112 tricentesimo
1693 1078 1959 1122 quadragesimo
1981 1079 2098 1119 tercio,
2130 1068 2365 1116 indicione-f-

744 1143 935 1182 undecima,
953 1143 1008 1176 die
1034 1142 1150 1176 martis
1174 1142 1430 1184 quintodecimo
1455 1141 1584 1175 mensis
1620 1140 1758 1184 Aprilis,
1783 1141 1866 1175 hora
1902 1143 2010 1175 sexte.
2036 1141 2071 1175 ln
2095 1132 2363 1190 monasterias,

744 1204 858 1239 Sancti
885 1204 973 1238 Petri
1000 1205 1032 1237 in
1058 1204 1146 1238 cello
1170 1213 1274 1238 aureo
1298 1205 1476 1247 papiensis
1501 1204 1662 1238 dominus
1685 1204 1788 1238 frater
1811 1203 1994 1247 Phiiippus
2009 1204 2120 1238 abbas
2132 1204 2214 1239 dicti
2231 1213 2325 1253 moa(
2349 1205 2367 1215 ”

474 1235 630 1309 nasterii,
659 1268 888 1310 presentibus,
926 1267 1122 1301 volentibus
1146 1269 1179 1300 et
1203 1267 1232 1300 ei
1259 1267 1560 1300 consencientibus
1597 1267 1629 1299 in
1655 1266 1815 1300 omnibus
1839 1269 1872 1300 et
1896 1267 2042 1310 singulis
2077 1262 2358 1313 infrascripflerplfu

474 1331 575 1364 fratre
601 1328 714 1370 Cario,
739 1329 839 1363 fratre
865 1328 1025 1372 Georgio,
1050 1329 1151 1362 fratre
1176 1328 1370 1368 Michaelle,
1395 1328 1495 1362 fratre
1521 1327 1740 1371 Appollonio,
1764 1328 1865 1362 fratre
1882 1326 2057 1372 Georgino
2073 1330 2107 1363 et
2121 1328 2223 1363 fratre
2239 1321 2360 1375 Ro-

474 1393 605 1435 glerino
629 1377 790 1425 fratribus
815 1394 847 1425 et
872 1391 1048 1424 canonicis
1073 1391 1153 1424 dicti
1179 1391 1374 1424 monasterii
1401 1391 1526 1424 ibidem
1552 1391 1594 1424 de
1620 1391 1780 1424 mandato
1804 1391 1933 1424 domini
1972 1391 2109 1425 abbatis
2144 1399 2237 1427 more
2270 1379 2362 1430 et

476 1456 552 1489 loco
576 1455 686 1488 solitis
711 1455 754 1487 ad
780 1454 967 1496 capitulum
999 1454 1200 1487 convocatis
1224 1456 1257 1487 et
1281 1454 1498 1496 congregatis
1522 1462 1584 1496 pro
1610 1454 1674 1487 hoc
1699 1454 1844 1497 negocio
1876 1453 2072 1496 specialiter
2097 1446 2364 1505 paragentlmg',

477 1520 510 1551 et
534 1518 591 1559 qui
618 1517 738 1550 fratres
763 1519 842 1550 sunt
866 1525 986 1550 omnes
1011 1517 1043 1549 in
1069 1517 1161 1549 dicto
1190 1516 1397 1549 monasterio
1433 1517 1634 1556 residentes,
1674 1516 1840 1550 habentes
1876 1525 1997 1550 vocem
2021 1516 2056 1549 in
2079 1515 2241 1559 capitulo.
2254 1502 2365 1566 Είζζζ

477 1581 542 1622 ipsi
568 1580 688 1613 fratres
714 1589 780 1612 una
805 1588 881 1612 cum
907 1579 999 1612 dicto
1024 1579 1163 1611 domino
1188 1578 1312 1612 abbate
1338 1580 1371 1611 et
1395 1587 1472 1612 cum
1497 1579 1573 1612 eius
1597 1579 1824 1618 auctoritate,
1822 1578 1974 1612 nomine
1998 1579 2032 1612 et
2055 1587 2076 1612 a
2098 1579 2194 1633 parte
2225 1574 2341 1627 ⁶¹0⁶.
2334 1562 2365 1620 ‘³:⁷³

477 1642 672 1675 monasterii
698 1642 946 1675 investiverunt
970 1641 1013 1674 ad
1038 1641 1153 1674 fictum
1178 1642 1211 1674 et
1236 1641 1465 1682 imphiteosim
1502 1643 1748 1674 concesserunt
1784 1641 2034 1683 imperpetuum
2062 1640 2156 1674 fratri
2190 1634 2343 1685 Augu-u
2341 1650 2362 1669 -s

478 1705 568 1738 stino
593 1704 636 1737 de
661 1703 779 1737 Padua
804 1706 836 1736 et
861 1703 952 1736 fratri
978 1702 1080 1736 Petro
1105 1703 1148 1736 de
1173 1702 1328 1736 Bononia
1353 1703 1496 1736 sindicis
1521 1703 1602 1736 dicti
1627 1705 1820 1737 conventus
1836 1703 1973 1737 nomine
1990 1703 2101 1746 ipsius
2115 1702 2361 1747 cenwine-³2

477 1767 608 1800 ordinis
631 1766 770 1799 fratrum
796 1767 1034 1799 heremitarum
1071 1766 1178 1799 sancti
1216 1765 1397 1808 Augustini
1435 1765 1680 1808 recipientibus
1704 1768 1737 1800 et
1761 1766 2006 1809 stipulantibus
2044 1765 2159 1800 omnia
2181 1766 2217 1800 et
2237 1765 2312 1801 sin-

477 1830 557 1872 gula
583 1829 797 1871 infrascripta
823 1829 958 1861 nomine
984 1830 1016 1861 et
1041 1829 1116 1862 vice
1141 1828 1222 1861 dicti
1247 1828 1378 1861 ordinis
1402 1830 1435 1862 et
1459 1831 1651 1862 conventus
1675 1828 1912 1862 heremitarum
1936 1828 2072 1862 tabulas
2089 1828 2208 1872 viginti
2229 1834 2322 1875 sep-
2338 1829 2382 1877 js.-

477 1894 545 1925 tem
570 1894 603 1925 et
628 1892 802 1924 dimidiam
828 1892 1006 1924 sedIminis
1031 1891 1133 1933 positi
1159 1893 1192 1924 et
1216 1891 1359 1924 iacentis
1383 1891 1417 1924 in
1442 1890 1550 1933 Papia
1575 1891 1607 1924 in
1637 1892 1735 1933 porta
1759 1891 1915 1925 laudensi
1941 1891 1974 1924 in
1999 1891 2162 1934 parochia
2195 1883 2351 1942 sancis}

479 1954 544 1988 Viti
571 1964 647 1988 cum
673 1955 833 1987 omnibus
858 1954 1019 1987 domibus
1044 1956 1077 1987 et
1101 1954 1269 1987 hedificiis
1294 1954 1523 1987 existentibus
1547 1963 1653 1996 super
1676 1954 1768 1988 dicto
1793 1954 1971 1995 sedimine,
2002 1954 2057 1988 cui
2092 1953 2256 1989 coherent
2287 1959 2342 1989 ι

479 2027 577 2050 mane
603 2017 648 2050 illi
675 2018 717 2050 de
742 2017 903 2050 Zachono
929 2017 960 2049 in
987 2018 1081 2058 parte
1106 2018 1139 2049 et
1164 2017 1197 2049 in
1223 2018 1317 2058 parte
1342 2016 1389 2049 illi
1414 2017 1457 2050 de
1482 2015 1658 2056 Tebaldis‚
1683 2025 1704 2050 a
1721 2016 1861 2050 meridie
1878 2014 2061 2050 Carbonus
2077 2011 2360 2062 Busehalima

479 2089 626 2121 vespero
651 2080 731 2112 dicti
757 2079 877 2112 fratres
902 2080 1140 2112 heremitarum
1165 2080 1198 2112 et
1222 2088 1242 2112 a
1266 2078 1358 2112 nulla
1383 2079 1466 2112 hora
1490 2079 1571 2112 dicti
1595 2078 1716 2112 fratres
1740 2078 1978 2112 heremitarum
2001 2078 2150 2121 quadam
2166 2078 2224 2112 via
2239 2084 2347 2115 me-

479 2142 604 2182 diante,
630 2143 704 2175 sive
730 2142 775 2174 ibi
801 2142 866 2174 alie
891 2142 958 2174 sint
983 2142 1194 2175 coherencie.
1221 2140 1322 2180 Quod
1348 2141 1502 2175 sedimen
1527 2141 1640 2175 dictus
1663 2141 1766 2175 frater
1789 2140 1911 2175 Petrus
1928 2141 2064 2174 nomine
2080 2141 2162 2175 dicti
2178 2139 2348 2177 ordinis

480 2206 650 2237 convento
675 2205 791 2246 precio
816 2205 1006 2246 acquixivit
1030 2213 1050 2237 a
1075 2204 1176 2237 dictis
1200 2204 1339 2237 domino
1364 2204 1488 2237 abbate
1513 2206 1546 2237 et
1569 2204 1730 2238 fratribus
1747 2204 1882 2237 nomine
1907 2203 1988 2237 dicti
2012 2203 2208 2238 monasterii
2231 2209 2311 2243 cum

480 2276 582 2300 onere
608 2266 764 2300 solvendi
791 2266 1042 2308 infrascriptum
1067 2266 1182 2299 fictum
1208 2266 1354 2309 singulis
1378 2266 1477 2299 annis
1501 2266 1594 2300 dicto
1618 2267 1835 2300 monasterio.
1860 2265 1910 2299 Eo
1934 2266 2038 2299 modo
2069 2265 2162 2309 quod
2186 2265 2230 2300 de
2253 2262 2358 2307 cedi<
2381 2295 2386 2300 ,

479 2331 552 2362 tero
577 2329 657 2362 dicti
683 2328 804 2362 fratres
829 2329 958 2361 ordinis
984 2329 1222 2362 heremitarum
1247 2331 1280 2362 et
1304 2338 1420 2361 eorum
1445 2337 1669 2362 successores
1697 2328 1833 2362 nomine
1869 2328 1949 2362 dicti
1986 2329 2177 2362 conventus
2199 2329 2234 2362 et
2255 2335 2371 2378 oras

480 2392 571 2424 dinis
597 2391 754 2430 habeant,
779 2393 926 2430 teneant,
952 2391 1123 2433 gaudeant
1148 2393 1180 2424 et
1205 2391 1406 2433 possideant
1431 2391 1558 2424 dictum
1586 2391 1740 2424 sedimen
1765 2400 1842 2424 cum
1867 2391 2079 2431 accessibus,
2097 2373 2362 2434 ingressibus⁴

481 2456 513 2486 et
539 2454 699 2486 omnibus
725 2454 798 2486 suis
823 2454 954 2486 iuribus
979 2455 1011 2486 et
1036 2454 1255 2495 pertinenciis
1280 2454 1313 2486 in
1339 2453 1517 2496 integrum,
1542 2455 1575 2486 et
1598 2453 1641 2486 de
1666 2454 1744 2496 ipso
1779 2453 1904 2487 faciant
1943 2453 2107 2495 quicquid
2142 2452 2370 2488 voluerint.

482 2517 555 2549 sine
581 2516 836 2549 contradicione
862 2516 1028 2549 dictorum
1054 2516 1181 2548 domini
1207 2516 1343 2549 abbatis
1367 2518 1400 2549 et
1424 2515 1563 2549 fratrum
1588 2515 1669 2549 dicti
1699 2516 1895 2549 monasterii
1920 2517 1953 2549 et
1976 2525 2094 2549 eorum
2129 2509 2370 2563 successo-22

483 2588 567 2617 rum,
594 2580 626 2611 et
651 2588 728 2611 cum
753 2587 870 2611 eorum
896 2587 1105 2620 suorumque
1130 2587 1382 2618 successorum,
1408 2578 1544 2611 nomine
1569 2578 1651 2611 dicti
1686 2578 1893 2618 monasterii,
1917 2578 2128 2611 deffensione
2151 2578 2196 2611 ab
2219 2577 2312 2613 omni

484 2649 632 2682 persona
662 2650 738 2673 cum
772 2641 907 2674 racione
923 2675 926 2678 Δ
944 2642 1108 2682 quantum
1133 2642 1186 2673 est
1210 2650 1272 2682 pro
1295 2641 1375 2673 ficto
1400 2641 1480 2673 dicti
1518 2640 1715 2674 monasterii
1739 2642 1772 2674 et
1795 2649 1863 2673 non
1888 2640 1994 2680 aliter,
2019 2641 2100 2682 quia
2123 2640 2174 2674 sic
2197 2634 2312 2682 actutu

483 2702 545 2735 fuit
571 2703 655 2735 inter
679 2712 749 2735 eos.
777 2703 817 2736 Et
842 2703 887 2736 ita
912 2703 1024 2736 dictus
1049 2703 1209 2736 dominus
1233 2703 1343 2736 abbas
1368 2705 1400 2736 et
1424 2703 1544 2736 fratres
1569 2703 1649 2736 dicti
1675 2703 1870 2736 monasterii
1907 2703 2042 2736 nomine
2078 2703 2159 2736 dicti
2195 2710 2318 2739 monae

485 2764 576 2796 sterii
602 2767 835 2798 convenerunt
860 2767 892 2798 et
917 2765 1164 2807 promisserunt
1188 2765 1289 2798 dictis
1313 2764 1474 2798 fratribus
1498 2765 1628 2798 ordinis
1653 2765 1890 2798 heremitarum
1915 2765 2159 2807 stipulantibus
2175 2765 2311 2799 nomine

485 2826 713 2867 predictorum
739 2829 930 2860 conventus
955 2829 987 2860 et
1011 2827 1141 2860 ordinis
1166 2827 1339 2860 attendere
1364 2830 1396 2860 et
1421 2828 1615 2860 observare.
1641 2827 1682 2860 Et
1707 2836 1807 2861 versa
1831 2828 1906 2860 vice
1930 2827 2011 2861 dicti
2039 2827 2160 2861 fratres
2195 2826 2315 2870 Augu·

485 2888 596 2920 stinus
620 2890 652 2920 et
677 2887 798 2921 Petrus
824 2889 958 2922 nomine
983 2889 1150 2922 dictorum
1176 2891 1367 2922 conventus
1392 2891 1424 2922 et
1448 2889 1578 2922 ordinis
1615 2891 1848 2922 convenerunt
1871 2891 1904 2922 et
1928 2889 2175 2931 promisserunt
2210 2889 2312 2924 dictis
2353 2878 2358 2881 ’
2378 2879 2379 2882 “

486 2949 624 2981 domino
642 2949 756 2982 abbati
782 2952 814 2982 et
838 2951 999 2984 fratribus
1024 2951 1104 2984 dicti
1141 2951 1336 2984 monasterii
1373 2952 1481 2984 sancti
1518 2950 1608 2984 Petri
1645 2951 1888 2994 recipientibus
1912 2953 1945 2984 et
1969 2951 2213 2993 stipulantibus
2251 2960 2315 2984 no-

487 3011 575 3043 mine
601 3011 710 3052 ipsius
736 3012 930 3044 monasterii
956 3012 1006 3045 eis
1031 3012 1112 3046 dare
1137 3015 1170 3046 et
1194 3012 1328 3046 solvere
1353 3013 1468 3046 fictum
1493 3015 1526 3046 et
1554 3013 1690 3046 nomine
1725 3013 1794 3046 ficti
1819 3013 1862 3046 de
1886 3013 2041 3055 predicto
2076 3013 2242 3046 sedimine
2277 3013 2312 3046 in
2360 3011 2378 3038 ἲ

485 3072 574 3104 festo
599 3073 706 3105 sancti
732 3072 869 3106 Martini
894 3074 1050 3115 proxIme
1078 3076 1232 3115 venturo,
1257 3076 1290 3108 et
1314 3075 1437 3108 deinde
1462 3075 1552 3107 omni
1578 3084 1667 3108 anno
1692 3075 1725 3107 in
1749 3075 1839 3108 festo
1869 3075 1978 3109 sancti
2007 3075 2157 3116 Martini,
2181 3075 2314 3109 solidos
2342 3063 2347 3066 ”
