2496 3600
1966 293 2024 325 221

216 414 443 455 respondente
468 416 500 446 et
524 413 600 446 aliis
624 415 696 447 suis
722 416 943 456 pertinentiis,
957 417 999 448 ad
1026 417 1170 458 priorem
1195 420 1227 450 et
1252 417 1370 451 fratres
1397 419 1590 451 huiusmodi
1617 423 1792 461 presentes
1817 425 1849 454 et
1874 426 2030 463 posteros

215 478 380 519 perpetuo
404 476 580 518 pertineat,
606 477 771 519 liceatque
808 479 893 519 ipsis
919 478 1024 510 Priori
1050 481 1082 511 et
1106 479 1266 512 fratribus
1291 480 1333 512 de
1359 481 1435 522 ipsa
1470 481 1574 514 altera
1611 483 1788 515 medietate
1815 484 1846 515 in
1873 486 2030 517 omnibus

215 542 248 573 et
272 548 332 581 per
355 540 468 572 omnia
493 539 675 580 disponere
701 542 732 572 et
757 541 912 573 ordinare
938 543 1038 583 prout
1066 542 1225 583 superius
1250 542 1292 575 de
1317 543 1441 575 abbate
1466 546 1497 576 et
1523 545 1696 576 canonicis
1721 545 1861 586 prefatis
1887 546 1918 577 in
1937 549 2030 587 parte

215 611 277 636 sua
301 604 354 635 est
377 602 591 643 expositum:
617 602 714 635 salvo
750 603 841 644 quod
867 604 910 635 ad
936 606 1066 645 portam
1104 605 1263 637 maiorem
1300 606 1387 638 dicte
1423 606 1567 638 ecclesie
1593 615 1658 647 que
1692 607 1781 639 cadit
1806 608 1837 639 in
1863 608 2032 641 divisione

216 665 422 704 huiusmodi,
447 666 479 697 et
504 674 564 706 per
588 674 689 706 quarn
715 667 870 698 comunis
906 667 1068 699 transitus
1105 667 1257 706 habetur,
1282 669 1349 700 tam
1375 668 1483 700 abbas
1509 671 1540 701 et
1565 670 1731 708 canonici,
1757 679 1858 711 quam
1884 671 1974 711 prior
1999 673 2031 703 et

215 729 335 762 fratres
359 728 479 770 prefati
505 728 701 760 consimiles
734 729 850 761 claves
887 729 1022 768 habere,
1047 731 1079 762 et
1105 730 1170 762 illis
1196 730 1241 762 uti
1268 731 1401 771 possint
1426 733 1459 763 et
1483 731 1628 764 debeant
1652 741 1714 773 pro
1750 733 1901 773 ipsorum
1938 733 2032 765 libito

215 791 410 824 voluntatis.
437 789 476 822 Et
501 791 661 831 quoniam
680 791 711 822 in
730 790 909 832 privilegio
934 791 1085 832 predicto
1111 794 1318 825 reservatum
1345 794 1454 825 extitit
1476 792 1554 826 Sedi
1574 792 1771 835 Apostolice
1789 794 1830 826 de
1848 795 2032 835 sepulturis

214 856 246 887 et
271 853 480 886 funeralibus
506 853 742 885 defunctorum
768 853 824 894 qui
850 854 941 894 apud
967 854 1093 886 dictum
1120 855 1359 887 monasterium
1385 856 1601 897 sepelientur,
1615 856 1798 897 disponere
1816 858 1848 889 et
1865 857 2031 895 ordinare,

214 917 395 950 statuimus
419 917 451 948 et
476 915 674 948 auctoritate
693 915 844 956 predicta
869 916 1065 948 ordinamus
1090 919 1122 949 et
1140 917 1340 950 mandamus
1366 918 1458 959 quod
1484 919 1723 960 perceptiones
1741 918 2029 958 funeralium‚an-

214 979 374 1017 nualium,
387 978 618 1019 exequiarum,
636 978 894 1010 elemosinarum
913 980 944 1010 et
963 979 1104 1010 aliorum
1130 988 1422 1021 quorumcumque
1440 981 1686 1020 introhitorum,
1714 981 1788 1013 sive
1818 981 1885 1013 sint
1914 981 2032 1014 funera

214 1042 378 1075 funeralia
395 1043 428 1074 et
445 1041 554 1083 legata
572 1041 624 1073 vel
642 1041 707 1073 alia
726 1049 941 1082 quecumque
959 1041 1195 1080 emolumenta,
1213 1051 1279 1083 que
1298 1044 1415 1075 sancto
1441 1042 1539 1075 Petro
1565 1044 1596 1075 in
1623 1043 1696 1076 celo
1721 1052 1823 1076 aureo
1840 1045 1897 1076 aut
1914 1044 2028 1076 abbati

213 1105 266 1138 vel
303 1104 507 1137 monasterio
539 1112 600 1136 seu
626 1103 799 1135 canonicis
836 1103 1040 1142 huiusmodi,
1067 1104 1118 1136 vel
1156 1104 1243 1136 dicte
1280 1105 1449 1137 medietati
1486 1106 1628 1138 ecclesie
1653 1107 1684 1138 et
1709 1106 1793 1145 atrii,
1819 1107 1851 1138 et
1876 1106 2032 1138 clausure

214 1167 358 1200 Abbatis
383 1169 414 1200 et
438 1166 678 1199 canonicorum
715 1166 909 1204 eorundem,
935 1168 992 1198 aut
1028 1166 1092 1198 sub
1129 1175 1343 1208 quacumque
1379 1168 1602 1208 expressione
1638 1168 1818 1200 verborum
1851 1177 1917 1209 que
1942 1168 2030 1200 idem

213 1231 404 1272 importent,
421 1229 543 1267 offerri,
568 1228 697 1267 donari,
723 1227 863 1260 concedi
890 1230 946 1260 aut
972 1228 1004 1260 in
1030 1228 1156 1261 ultimis
1182 1229 1415 1262 voluntatibus
1440 1230 1583 1271 relinqui
1609 1230 1797 1272 contigerit,
1823 1230 1866 1262 ad
1892 1230 2031 1262 eosdem

213 1293 372 1326 abbatem
409 1294 440 1324 et
476 1291 659 1324 canonicos
696 1290 793 1331 plene
829 1292 861 1322 et
897 1291 1024 1332 integre
1060 1291 1259 1332 pertineant,
1291 1293 1322 1323 et
1358 1301 1418 1332 per
1454 1292 1549 1333 ipsos
1585 1292 1742 1324 abbatem
1780 1294 1812 1324 et
1847 1293 2032 1325 canonicos

214 1356 345 1397 absque
381 1364 422 1388 eo
457 1354 549 1396 quod
587 1354 629 1386 de
665 1353 731 1385 illis
767 1353 868 1394 priori
905 1354 937 1385 et
977 1352 1136 1385 fratribus
1165 1354 1327 1394 predictis
1363 1354 1549 1395 portionem
1586 1354 1734 1395 aliquam
1760 1354 1954 1393 exhibeant,
1988 1354 2031 1386 ad

215 1427 313 1452 usum
338 1417 474 1450 abbatis
499 1418 531 1448 et
556 1415 795 1448 canonicorum
814 1423 852 1447 ac
879 1415 1071 1447 monasterii
1097 1416 1322 1456 predictorum
1348 1416 1451 1448 libere
1476 1418 1731 1455 convertantur;
1756 1418 1787 1448 et
1812 1416 1904 1457 quod
1930 1416 2030 1448 simili

215 1481 317 1514 modo
352 1480 589 1522 perceptiones
625 1478 838 1518 funeralium‚
863 1478 1069 1517 annualium,
1095 1479 1327 1519 exequiarum,
1353 1478 1611 1511 elemosinarum
1637 1480 1669 1511 et
1705 1478 1846 1510 aliorum
1883 1487 2032 1519 quorun-

215 1553 349 1585 cunque
374 1543 620 1582 introhitorum‚
638 1543 712 1575 sive
726 1543 794 1574 sint
818 1542 946 1580 funera,
971 1541 1144 1580 funeralia,
1171 1541 1280 1583 legata
1306 1541 1358 1573 vel
1385 1541 1450 1573 alia
1475 1550 1688 1582 quecumque
1713 1541 1949 1579 emolumenta,
1964 1550 2030 1581 que

214 1609 332 1640 sancto
356 1606 548 1648 Augustino
573 1607 630 1638 aut
655 1604 760 1637 Priori
786 1604 839 1637 vel
864 1604 1024 1636 fratribus
1050 1604 1254 1642 huiusmodi,
1281 1604 1333 1636 vel
1359 1603 1446 1636 dicte
1472 1603 1640 1636 medietati
1669 1603 1813 1635 ecclesie
1837 1605 1868 1635 et
1893 1603 1965 1635 atrii
1991 1611 2030 1635 ac

214 1670 371 1704 clausure
411 1669 534 1711 prioris
558 1670 590 1701 et
615 1668 752 1700 fratrum
797 1667 1042 1699 antedictorum
1068 1667 1120 1699 vel
1147 1667 1452 1707 sub.„quacumque
1477 1665 1543 1698 alia
1579 1666 1803 1707 expressione
1839 1665 2030 1704 verborum,

215 1742 281 1775 que
318 1733 406 1764 idem
443 1732 633 1772 importent,
659 1730 780 1769 offerri,
816 1729 946 1768 donari,
979 1729 1132 1767 concedi,
1157 1729 1209 1761 vel
1235 1729 1267 1760 in
1293 1729 1419 1761 ultimis
1455 1728 1687 1760 voluntatibus
1723 1728 1866 1769 relinqui
1903 1727 2033 1760 contin-

211 1796 305 1838 gerit,
323 1795 365 1828 ad
391 1795 529 1827 eosdem
555 1794 699 1835 priorem
728 1794 760 1825 et
784 1792 903 1824 tratres
929 1791 1027 1833 plene
1053 1793 1084 1824 et
1110 1792 1236 1833 integre
1273 1791 1470 1832 pertineant,
1500 1792 1531 1822 et
1556 1791 1588 1822 in
1614 1799 1729 1822 eorum
1764 1799 1861 1822 usum
1898 1790 2030 1830 absque

210 1858 354 1891 alicuius
379 1857 545 1898 portionis
570 1855 778 1888 exhibitione
814 1853 953 1895 prefatis
979 1852 1102 1885 Abbati
1129 1855 1160 1885 et
1184 1853 1356 1885 canonicis
1382 1852 1435 1885 vel
1460 1852 1735 1893 quibuscumque
1761 1851 1836 1884 aliis
1861 1851 2029 1890 facienda,

211 1920 314 1953 libere
340 1920 590 1957 convertantur,
615 1917 832 1959 parochianis
857 1916 1006 1957 antiquis
1030 1916 1196 1948 duntaxat
1214 1915 1379 1948 dictorum
1398 1915 1533 1947 abbatis
1551 1916 1582 1947 et
1596 1914 1835 1946 canonicorum
1866 1913 2030 1954 exceptis,

210 1983 307 2016 salvo
332 1990 466 2023 semper
492 1982 523 2012 in
548 1980 707 2012 omnibus
740 1979 916 2020 premissis
952 1987 1004 2016 eo,
1040 1987 1108 2019 quo
1144 1978 1253 2010 abbas
1277 1979 1309 2009 et
1334 1976 1486 2009 canonici
1512 1985 1551 2008 ae
1577 1977 1668 2017 prior
1691 1978 1723 2008 et
1747 1975 1866 2008 fratres
1903 1974 2020 2016 prefati

208 2046 294 2079 alias
319 2055 362 2078 ex
388 2044 614 2086 dispositione
640 2043 722 2074 iuris
747 2041 902 2074 comunis
927 2040 1130 2082 obligantur.
1823 2022 1845 2032 ⁶

299 2107 352 2140 Ad
378 2108 536 2148 sumptus
573 2114 652 2137 vero
677 2106 710 2137 et
734 2112 906 2145 expensas
931 2103 963 2135 in
993 2103 1082 2135 dicta
1118 2102 1263 2135 ecclesia
1288 2103 1320 2134 et
1344 2101 1524 2142 campanili
1550 2103 1616 2133 tam
1643 2101 1674 2132 in
1701 2100 1833 2141 magnis
1869 2108 1969 2140 quam
1996 2100 2027 2131 in

209 2171 324 2213 parvis
350 2169 533 2211 requisitos
558 2167 611 2200 vel
637 2167 818 2208 requisitas
843 2167 900 2198 aut
925 2165 1147 2203 necessarias,
1173 2166 1238 2196 tam
1265 2164 1373 2196 abbas
1391 2165 1422 2196 et
1447 2163 1600 2196 canonici
1626 2171 1728 2203 quam
1754 2162 1845 2203 prior
1861 2163 1893 2193 et
1909 2161 2028 2193 fratres

209 2232 395 2275 supradicti
421 2230 533 2272 equali
559 2230 713 2271 portione
730 2230 916 2266 teneantur,
941 2229 1085 2268 excepto
1110 2227 1202 2267 quod
1228 2226 1293 2267 ipsi
1319 2226 1410 2267 prior
1434 2227 1465 2257 et
1490 2225 1609 2258 fratres
1635 2233 1750 2257 eorum
1773 2223 1968 2265 sumptibus
1994 2225 2025 2254 et

207 2295 373 2337 expensis
398 2294 503 2326 libros
528 2293 585 2334 qui
610 2292 736 2324 divinis
761 2291 883 2323 officiis
909 2290 1039 2322 diurnis
1063 2290 1188 2331 pariter
1211 2291 1243 2321 et
1269 2288 1442 2320 nocturnis
1468 2288 1499 2319 in
1526 2287 1614 2319 dicta
1640 2286 1784 2319 ecclesia
1821 2285 2025 2327 peragendis

208 2357 403 2391 necessario
428 2356 652 2397 requiruntur,
677 2356 828 2395 tempore
854 2361 922 2394 quo
947 2352 1065 2384 eadem
1091 2351 1202 2384 officia
1227 2352 1433 2393 peraguntur
1450 2350 1626 2388 duntaxat,
1652 2349 1839 2381 ministrare
1865 2347 2021 2379 debeant.

208 2420 248 2453 Et
272 2417 377 2462 quuin
402 2419 506 2451 altare
538 2418 647 2450 maius
672 2419 704 2449 et
729 2415 833 2448 altare
860 2414 1000 2447 inferius
1037 2414 1131 2446 iuxta
1168 2421 1294 2454 corpus
1331 2413 1442 2454 ipsius
1469 2412 1556 2444 beati
1584 2410 1764 2453 Augustini
1791 2419 1850 2451 per
1875 2409 2026 2441 indivisa

207 2483 347 2516 veniunt
372 2483 404 2514 et
429 2482 571 2523 possent
596 2480 684 2512 circa
709 2479 780 2518 hec,
798 2487 864 2519 que
882 2477 1039 2516 vitamus,
1057 2476 1134 2508 oriri
1160 2475 1324 2508 scandala
1348 2476 1380 2507 et
1406 2474 1499 2513 lites;
1525 2474 1642 2506 eadem
1668 2473 1865 2505 auctoritate
1891 2471 2027 2503 ordina-

207 2553 283 2578 mus
308 2547 340 2577 et
364 2544 566 2576 mandamus
590 2542 682 2584 quod
719 2540 944 2581 obventiones
968 2541 999 2572 et
1024 2538 1214 2571 oblationes
1239 2546 1305 2579 que
1331 2537 1363 2569 in
1389 2536 1661 2570 solemnitatibus
1690 2535 1778 2567 beati
1805 2533 1892 2566 Petri
1933 2532 2026 2574 Apo-

206 2607 284 2641 stoli
309 2609 343 2640 et
366 2607 475 2648 ipsius
500 2605 588 2638 beati
614 2603 806 2646 Augustini,
832 2604 864 2635 et
889 2602 1041 2634 similiter
1066 2602 1097 2633 in
1123 2600 1328 2633 annualibus
1353 2599 1525 2640 quondam
1551 2596 1677 2630 Galeaz
1702 2599 1733 2629 et
1759 2596 1924 2628 Violantis
1949 2595 2023 2628 eius

205 2671 283 2710 filie,
307 2669 417 2702 offerri
443 2668 631 2710 contigerit,
656 2667 698 2699 ad
725 2665 966 2698 monasterium
996 2664 1146 2706 ipsorum
1172 2663 1306 2695 abbatis
1331 2663 1363 2694 et
1388 2661 1624 2694 canonicorum
1662 2659 1835 2701 pertineat.
1866 2656 2024 2691 Similiter

207 2733 299 2775 quod
325 2731 501 2765 obvenerit
526 2730 579 2763 vel
605 2729 714 2762 offerri
740 2727 918 2770 contigerit
943 2727 974 2759 in
1001 2726 1128 2759 mensis
1153 2725 1319 2757 dictorum
1344 2723 1493 2761 fratrum,
1511 2723 1552 2755 ad
1580 2721 1819 2754 monasterium
1846 2720 1968 2761 prioris
1992 2722 2023 2752 et

205 2795 389 2829 eorundem
414 2795 552 2827 fratrum
578 2793 678 2826 etiam
703 2791 890 2833 proveniat.
916 2788 1016 2828 Quod
1036 2798 1116 2821 vero
1133 2788 1209 2820 aliis
1235 2787 1327 2819 horis
1351 2795 1452 2827 quam
1479 2786 1511 2817 in
1538 2785 1652 2817 missis
1671 2784 1702 2816 in
1721 2783 1822 2816 dictis
1857 2782 2021 2815 altaribus

205 2858 315 2892 offerri
341 2856 529 2899 contigerit,
554 2855 618 2888 nisi
644 2854 886 2895 exprimeretur
911 2860 972 2893 pro
996 2851 1119 2883 abbate
1145 2851 1176 2882 et
1201 2849 1375 2882 canonicis
1400 2850 1457 2880 aut
1483 2856 1543 2888 pro
1572 2846 1682 2887 priore
1707 2847 1739 2878 et
1763 2845 1923 2877 fratribus
1948 2853 2025 2885 pre-

205 2921 316 2960 dictis,
341 2920 422 2952 illud
449 2920 491 2952 sit
516 2926 660 2951 comune
685 2918 717 2949 et
743 2925 802 2957 per
826 2914 959 2956 equalia
985 2913 1165 2951 dividatur,
1191 2911 1341 2952 alioquin
1367 2911 1399 2942 in
1425 2910 1590 2951 integrum
1617 2908 1715 2940 cedat
1741 2907 1826 2949 parti
1852 2906 2022 2938 nominate

204 2984 302 3016 cuius
326 2991 431 3016 causa
456 2981 602 3014 offerens
626 2979 771 3012 afficitur
796 2978 837 3010 ad
864 2977 912 3010 sic
939 2975 991 3008 vel
1017 2976 1067 3008 sic
1092 2974 1294 3007 faciendum.
1323 2972 1526 3005 Mandantes
1552 2978 1716 3012 expresse
1741 2969 1842 3002 dictis
1867 2967 1972 3001 Priori
1991 2970 2023 3000 et

204 3045 365 3079 fratribus
389 3046 422 3078 et
446 3043 626 3077 conventui
652 3041 744 3083 quod
770 3039 932 3082 predictis
950 3038 1074 3070 nostris
1099 3037 1216 3079 gratiis
1242 3037 1386 3074 utantur,
1411 3036 1444 3067 et
1468 3034 1517 3066 eis
1542 3033 1645 3065 libere
1670 3031 1851 3074 gaudeant,
1877 3031 1976 3063 etiam
1992 3030 2019 3061 si

205 3119 264 3152 per
287 3109 397 3142 dictos
422 3107 600 3145 Abbatem,
625 3104 809 3138 canonicos
833 3105 866 3135 et
890 3102 1093 3134 conventum
1119 3108 1180 3132 seu
1206 3099 1291 3131 alios
1316 3105 1552 3140 quoscumque
1589 3094 1843 3137 pretenderetur
1867 3093 2019 3134 predicta

205 3181 264 3215 per
287 3180 350 3204 nos
375 3171 522 3213 gratiose
547 3177 712 3202 concessa
737 3176 797 3200 seu
823 3174 936 3198 eorum
955 3163 1092 3205 aliquod
1125 3162 1195 3195 fore
1221 3161 1299 3194 talia
1325 3161 1377 3193 vel
1403 3161 1518 3193 essent
1543 3167 1602 3200 per
1625 3166 1691 3199 que
1716 3157 1934 3198 derogaretur
1959 3163 2019 3187 seu
