2496 3600
2005 271 2049 302 77

228 401 342 437 ventui
365 399 480 435 Sancti
505 399 686 443 Augustini
711 400 899 442 papiensis,
924 401 967 433 de
992 401 1105 433 cetero
1129 399 1277 433 Domino
1301 401 1502 442 perpetuum
1529 399 1670 432 reddere
1693 400 1903 439 famulatum,
1932 401 2052 443 digne-

226 465 281 498 tur
302 465 336 497 et
358 462 452 496 vellit
475 462 550 504 ipse
567 462 727 495 dominus
745 461 842 495 Prior
857 461 1060 502 Generallis‚
1078 463 1213 495 nomine
1231 462 1311 495 dicti
1330 461 1480 501 Ordinis,
1498 463 1530 494 et
1546 461 1740 503 specialiter
1756 462 1837 494 dicti
1860 465 2051 496 conventus

226 525 412 569 papiensis,
437 525 550 566 ipsum
575 524 753 557 dominum
779 524 970 564 Marchum,
994 524 1319 570 tamquam-fratrem
1336 524 1531 557 dedicatum
1549 524 1616 566 ipsi
1639 522 1758 557 Ordini
1785 526 1818 556 et
1845 518 2051 564 Conventui‚

226 588 259 621 in
282 596 429 630 persona
452 588 485 620 et
511 587 615 620 rebus
639 587 683 619 ad
709 587 838 619 dictum
864 585 1027 620 Ordinem
1053 589 1085 620 et
1110 585 1325 620 Conventum
1351 587 1502 628 recipere
1527 588 1560 619 et
1584 588 1698 619 tenere
1723 586 1766 619 de
1799 588 1922 626 cetero,
1948 588 1980 619 et
2005 587 2054 619 ei-

203 671 205 674 >
227 650 314 690 dem,
338 651 509 691 tamquam
535 650 591 682 uni
616 658 659 682 ex
683 649 844 682 fratribus
868 646 1035 690 professis
1059 650 1092 681 in
1117 650 1208 682 dicto
1233 648 1361 682 Ordine
1385 650 1418 682 et
1442 647 1633 688 Conventu,
1651 649 1684 681 in
1709 649 1775 681 hiis
1792 650 1824 681 et
1841 649 1883 681 de
1902 649 1967 681 hiis
1984 658 2051 690 que

225 711 270 746 ad
293 720 418 754 corpus
442 713 475 744 et
499 711 695 753 specialiter
718 711 762 744 ad
787 711 898 744 anime
924 711 1100 744 utilitatem
1125 712 1293 753 pertinent
1317 711 1506 753 suffragari,
1542 711 1708 744 dedicans
1744 696 1856 743 dictus
1892 711 2052 744 dominus

227 773 388 807 Marchus
412 782 449 806 se
474 774 507 806 et
531 782 594 806 sua
618 773 660 806 de
686 775 799 806 cetero
824 773 916 806 dicto
941 772 1060 806 Ordini
1085 775 1118 806 et
1142 772 1346 813 Conventui,
1371 783 1411 806 ac
1437 774 1638 815 promittens
1663 772 1738 806 Deo
1755 774 1787 806 et
1804 773 1895 806 dicto
1913 773 2053 806 domino

226 835 332 869 Priori
357 833 526 875 Generali,
551 844 621 876 pro-
637 843 675 868 se
700 837 732 868 et
757 835 830 868 suis
855 835 1050 875 heredibus,
1075 835 1250 877 stipulanti
1275 836 1410 868 nomine
1436 835 1516 868 dicti
1542 834 1681 868 Ordinis
1699 837 1731 868 et
1748 834 1959 874 Conventus,
1977 844 2050 867 om-

225 906 300 931 nem
325 897 560 930 obedienciam
585 899 618 930 et
643 897 872 930 reverenciam
898 906 1000 939 quam
1025 899 1181 930 tenentur
1204 897 1315 930 facere
1341 897 1487 939 professi
1519 897 1640 930 fratres
1676 896 1816 930 Ordinis
1852 897 2050 939 supradicti.

225 959 266 993 Et
282 959 407 992 ibidem
424 959 536 992 dictus
554 959 713 992 dominus
730 958 827 992 Prior
843 958 1034 999 Generalis,
1053 960 1210 993 affectum
1229 960 1474 993 benevolencie
1493 961 1525 992 et
1538 960 1762 993 devocionem
1781 969 1970 1002 synceram,
1984 968 2051 1001 que

224 1021 335 1055 dictus
359 1021 518 1054 dominus
543 1021 707 1054 Marchus
733 1022 835 1055 habet
859 1022 903 1055 ad
929 1021 1091 1055 Ordinem
1109 1022 1314 1064 prelibatum
1340 1022 1528 1062 manifeste,
1554 1023 1788 1063 considerans,
1814 1024 1847 1055 et
1871 1023 2051 1055 attendens

225 1083 430 1117 voluntatem
456 1085 488 1116 et
513 1092 718 1116 consensum
744 1084 973 1126 predictorum
998 1084 1150 1117 Fratrum
1164 1085 1314 1116 omnium
1340 1085 1420 1117 dicti
1446 1083 1646 1118 Conventus
1671 1086 1704 1118 et
1728 1083 1888 1127 Capituli,
1913 1087 1945 1118 et
1969 1086 2050 1118 dicti

225 1145 356 1179 Fratres
380 1154 500 1178 omnes
524 1147 557 1178 et
581 1146 728 1188 synguli,
753 1146 880 1179 dictum
907 1146 1082 1178 dominum
1108 1146 1287 1179 Marchum
1313 1147 1346 1178 in
1371 1147 1566 1179 dedicatum
1591 1146 1666 1179 Deo
1684 1149 1716 1180 et
1733 1148 1833 1180 beato
1858 1147 2051 1190 Augustino

223 1210 257 1242 et
290 1208 381 1241 dicto
417 1206 536 1241 Ordini
562 1210 594 1240 et
619 1206 811 1241 Conventui
848 1208 965 1250 Papie,
1003 1209 1131 1250 recepit
1155 1210 1188 1241 et
1213 1209 1332 1250 recipit
1368 1218 1429 1250 per
1461 1210 1558 1251 pacis
1584 1209 1775 1249 obsculum‚
1801 1212 1833 1242 et
1857 1211 2052 1252 precipiens

224 1270 336 1303 dictus
360 1269 518 1303 dominus
543 1269 640 1302 Prior
663 1269 852 1310 Generalis,
871 1271 1006 1303 nomine
1023 1271 1135 1303 tocius
1153 1271 1233 1303 dicti
1252 1270 1402 1310 Ordinis,
1420 1271 1579 1304 omnibus
1601 1272 1782 1313 prioribus,
1801 1272 2051 1313 subprioribus,

224 1322 361 1374 prelatis
386 1333 418 1365 et
441 1332 602 1365 fratribus
626 1332 706 1365 dicti
732 1331 883 1372 Ordinis,
909 1333 941 1364 in
967 1333 1122 1375 syngulis
1147 1333 1263 1365 mundi
1290 1333 1374 1366 locis
1400 1335 1432 1366 et
1456 1334 1611 1375 partibus
1636 1334 1840 1373 constitutis,
1865 1335 1898 1366 in
1928 1335 2050 1368 virtute

225 1396 341 1428 sancte
365 1395 566 1428 obediencie
591 1396 623 1428 et
648 1395 714 1428 sub
738 1404 827 1436 pena
851 1395 1088 1428 maledicionis
1105 1397 1229 1434 eterne,
1263 1397 1432 1437 quatenus
1464 1396 1653 1437 predictum
1671 1396 1845 1428 dominum
1871 1397 2049 1429 Marchum

224 1456 266 1490 de
290 1458 403 1490 cetero
427 1458 599 1498 tamquam
624 1456 700 1490 Deo
724 1459 757 1490 et
782 1457 874 1490 dicto
898 1456 1018 1490 Ordini
1044 1459 1076 1490 et
1100 1456 1294 1490 Conventui
1331 1458 1525 1490 dedicatum
1562 1458 1698 1498 habere,
1727 1460 1869 1491 tractare
1887 1461 1920 1491 et
1937 1461 2050 1492 tenere

224 1517 380 1558 debeant,
405 1527 444 1551 ac
469 1518 579 1551 eidem
597 1519 630 1551 in
644 1519 804 1552 omnibus
829 1520 1034 1552 necessariis
1058 1521 1125 1552 tam
1151 1520 1285 1561 corpori
1310 1528 1413 1561 quam
1439 1520 1560 1559 anime,
1586 1522 1618 1552 et
1642 1522 1710 1552 tam
1736 1520 1769 1552 in
1795 1521 1864 1553 vita
1889 1530 1991 1562 quam
2017 1521 2050 1553 in

224 1581 339 1620 morte,
363 1581 396 1613 et
420 1581 520 1613 etiam
546 1582 625 1622 post
649 1583 800 1621 mortem,
826 1582 859 1613 in
885 1582 1100 1621 necessariis,
1125 1583 1296 1623 tamquam
1323 1582 1384 1613 uni‘
1405 1591 1448 1614 ex
1474 1582 1634 1615 fratribus
1667 1582 1834 1624 protessis
1870 1583 1950 1616 dicti
1987 1582 2052 1635 Or-

223 1642 313 1676 dinis
337 1643 531 1682 subvenire,
556 1644 589 1676 et
613 1643 656 1676 ad
693 1643 803 1685 ipsius
839 1643 1057 1684 voluntatem,
1083 1644 1250 1685 quociens
1274 1644 1318 1677 ab
1343 1653 1384 1677 eo
1409 1644 1532 1677 fuerint
1568 1645 1739 1686 requixiti,
1765 1645 1877 1686 ipsum
1902 1645 2051 1678 fraterno

223 1704 303 1738 dicti
327 1703 466 1738 Ordinis
491 1705 608 1738 habitu
633 1707 665 1738 et
688 1705 844 1739 fraternis
869 1707 1025 1739 vestibus
1050 1707 1190 1740 induere
1215 1708 1248 1739 et
1273 1707 1385 1748 ipsum
1410 1708 1552 1740 tractare
1577 1709 1753 1748 tamquam
1782 1717 1886 1740 unum
1912 1717 1955 1740 ex
1974 1708 2053 1741 Fra-

222 1766 330 1800 tribus
354 1765 493 1800 Ordinis
517 1767 685 1808 prelibati.
711 1767 752 1800 Et
776 1767 819 1800 ad
845 1768 1006 1800 maiorem
1032 1769 1173 1810 gratiam
1189 1769 1438 1810 reportandam,
1456 1778 1558 1810 quam
1577 1771 1723 1802 meretur
1739 1778 1782 1802 ex
1800 1779 1885 1811 pura
1902 1771 1935 1802 et
1959 1779 2051 1803 mera

222 1827 411 1873 devocione
435 1829 598 1871 predicta,
624 1829 737 1862 dictus
762 1830 922 1863 dominus
947 1830 1043 1863 Prior
1078 1829 1268 1871 Generalis,
1306 1831 1441 1864 nomine
1471 1831 1552 1864 dicti
1578 1830 1728 1871 Ordinis,
1765 1832 1876 1864 eidem
1913 1832 2052 1865 domino

222 1890 364 1924 Marcho
388 1892 560 1924 concessit
583 1894 616 1925 et
640 1892 797 1925 concedit
822 1893 915 1934 quod
940 1893 982 1925 de
1007 1893 1186 1933 fructibus,
1212 1894 1403 1927 redditibus
1427 1895 1460 1927 et
1484 1894 1724 1936 gaudimentis,
1761 1895 1986 1936 proventibus
2019 1897 2053 1927 et

171 1958 175 1962 ’
222 1952 422 1987 utilitatibus
446 1954 605 1987 omnibus
630 1954 796 1988 bonorum
823 1955 998 1988 mobilium
1024 1957 1056 1988 et
1081 1956 1302 1988 immobilium
1328 1965 1389 1998 per
1413 1956 1525 1998 ipsum
1551 1956 1643 1989 dicto
1661 1955 1780 1989 Ordini
1806 1957 2050 1997 dedicatorum,

222 2015 280 2057 qui
303 2015 336 2048 in
361 2017 431 2049 toto
455 2017 607 2058 tempore
631 2017 699 2050 vite
725 2025 786 2050 sue
811 2017 939 2050 domini
964 2018 1096 2051 Marchi
1133 2019 1262 2060 percipi
1288 2020 1320 2051 et
1345 2019 1461 2051 haberi
1490 2020 1658 2060 poterunt,
1688 2019 1942 2061 disspensandi,
1961 2020 2052 2052 ordi-

222 2077 334 2118 nandi,
366 2077 584 2120 disponendi,
609 2080 831 2120 percipiendi,
849 2080 1060 2122 pauperibus
1077 2081 1251 2123 erogandi,
1277 2081 1342 2114 sibi
1357 2082 1390 2113 in
1405 2081 1669 2114 necessitatibus
1687 2082 1925 2121 subveniendi,
1951 2083 2051 2123 prout

221 2138 287 2181 ipsi
311 2139 450 2173 domino
474 2140 618 2174 Marcho
643 2143 675 2174 et
699 2142 811 2183 ipsius
836 2142 974 2175 arbitrio
1000 2143 1122 2176 melius
1147 2143 1328 2183 videbitur,
1355 2143 1409 2176 vel
1435 2143 1531 2176 aliter
1565 2143 1723 2183 faciendi,
1749 2144 1876 2176 tenoris
1909 2153 2050 2185 presen-

222 2201 320 2241 cium,
345 2201 518 2235 voluntate
543 2204 576 2236 et
600 2212 771 2236 consensu
797 2204 963 2237 dictorum
1001 2204 1162 2244 Fratrum,
1200 2205 1372 2238 concessit
1399 2207 1431 2238 et
1456 2206 1613 2238 concedit
1637 2206 1866 2238 omnimodam
1898 2207 2050 2247 potesta-

221 2263 298 2296 tem.
323 2263 364 2296 Et
387 2264 465 2297 inde
491 2264 571 2298 dicti
598 2265 757 2298 dominus
782 2265 878 2298 Prior
902 2265 1081 2300 Generalis
1105 2269 1138 2300 et
1162 2267 1296 2300 Fratres
1320 2269 1353 2300 et
1378 2267 1490 2300 dictus
1515 2268 1675 2300 dominus
1692 2268 1856 2300 Marchus
1871 2269 1956 2300 hanc
1975 2277 2049 2300 car-

221 2325 287 2358 tam
312 2325 412 2359 michi
437 2327 508 2359 fieri
534 2329 749 2369 rogaverunt.
775 2327 956 2361 Interfuere
983 2329 1189 2362 venerabilis
1213 2330 1265 2362 vir
1282 2331 1314 2362 et
1331 2332 1428 2371 pater
1451 2330 1611 2362 dominus
1635 2329 1737 2362 frater
1754 2329 1920 2372 Phylipus
1938 2330 2049 2362 abbas

223 2389 416 2421 monasterii
442 2387 557 2422 Sancti
582 2388 672 2422 Petri
698 2390 731 2422 in
756 2390 843 2423 cello
867 2400 971 2424 aureo
995 2390 1112 2433 Papie,
1138 2391 1253 2424 Frater
1288 2391 1505 2434 Appolonius
1529 2393 1572 2424 de
1597 2391 1727 2425 Brissia
1752 2392 1906 2424 eiusdem
1932 2401 2048 2424 mona-

214 2449 312 2486 ,sterii
338 2451 537 2491 monachus,
562 2451 664 2484 frater
687 2451 829 2487 Rufinus
854 2453 896 2486 de
921 2453 1137 2496 Bassignana
1155 2453 1251 2487 Prior
1267 2452 1468 2488 Conventus
1486 2453 1609 2488 Sancte
1627 2454 1791 2487 Mustiole
1809 2453 1949 2487 Ordinis
1967 2454 2046 2487 Fra-

221 2511 307 2544 trum
332 2511 576 2546 Heremitarum
601 2512 717 2547 Sancti
742 2513 935 2557 Augustini,
960 2515 1062 2548 frater
1086 2515 1231 2549 lacobus
1256 2516 1298 2549 de
1324 2515 1423 2550 Senis
1448 2519 1480 2549 et
1508 2516 1611 2549 frater
1646 2516 1853 2549 Venturinus
1878 2516 1920 2548 de
1945 2516 2046 2549 Man-

220 2573 279 2607 tua
301 2574 385 2607 socii
410 2576 443 2608 et
467 2575 685 2609 coadiutores
710 2578 933 2619 suprascripti
959 2577 1087 2610 domini
1111 2577 1239 2611 Prioris
1265 2577 1444 2612 Generalis
1469 2579 1547 2611 inde
1572 2580 1688 2611 testes.

309 2635 381 2679 Ego
405 2636 619 2680 Augustinus
643 2637 835 2681 Mangiaria
858 2639 949 2673 filius
973 2640 1147 2682 quondam
1173 2640 1332 2674 Iohannis
1357 2642 1508 2674 notarius
1534 2641 1620 2673 hanc
1653 2643 1790 2680 cartam,
1816 2641 1986 2674 inventam
2012 2643 2045 2674 et

220 2698 405 2732 extractam
429 2699 472 2733 de
498 2699 682 2734 Breviariis
707 2701 788 2734 dicti
814 2702 986 2743 quondam
1011 2701 1170 2736 Iohannis
1196 2704 1302 2745 patris
1327 2703 1391 2736 mei
1418 2703 1518 2736 michi
1544 2703 1748 2742 commissis,
1774 2703 1908 2745 scripsi.
