2488 3580
79 61 136 80 ssi
151 55 154 58 ⁴
178 49 180 52 ’

1897 267 2016 295 xxxix

195 400 391 426 wvavano
414 390 518 424 fedeli
541 390 573 424 al
597 389 703 432 Papa,
728 390 757 423 si
775 392 916 423 scatent>
941 391 1047 424 anche
1071 400 1112 425 su
1138 390 1171 425 S.
1197 391 1310 426 Pietro
1335 393 1368 425 in
1393 391 1466 426 Ciel
1491 393 1597 433 d’oro‚
1615 394 1844 427 cacciandone
1869 395 1878 427 i
1904 393 2017 428 Cano-

200 463 267 496 nici
283 459 345 504 (1).
370 462 396 494 Ε
421 471 488 494 non
512 470 569 494 era
592 463 685 494 certo
709 462 742 494 in
767 470 881 494 mezzo
905 471 924 494 a
949 464 1069 504 queste
1094 463 1289 497 turbolenze
1315 465 1377 497 che
1401 464 1446 506 gli
1472 464 1652 497 Eremitani
1685 465 1872 498 avrebbero
1897 467 2016 507 potuto

200 533 346 576 prender
369 530 535 575 possess'o
559 532 649 565 della
673 532 744 565 loro
769 532 850 565 sede
875 533 907 565 in
933 532 1049 573 Pavia,
1067 543 1121 567 ma
1146 535 1337 577 bisognava
1361 535 1533 568 attendere
1554 536 1658 577 tempi
1684 536 1838 578 migliori.
1856 536 2016 570 Tuttavia

202 605 232 638 le
256 605 425 638 trattative
449 603 498 637 fra
523 604 567 646 gli
593 603 806 646 Agostiniani
832 613 850 637 e
875 604 884 636 i
910 603 1074 638 Canonici
1099 606 1242 648 regolari
1268 607 1530 647 continuavano,
1556 616 1652 640 come
1678 607 1796 640 risulta
1820 608 1908 641 dalle
1933 609 2018 641 deli-

201 676 370 709 berazioni
395 675 448 708 del
473 673 632 717 Capitolo
657 675 812 718 generale
836 675 870 708 di
896 675 1008 718 Parigi
1034 676 1088 709 del
1116 677 1210 717 1329,
1237 678 1269 709 in
1294 678 1347 710 cui
1373 678 1391 710 e
1416 678 1630 711 chiarissimo
1656 678 1839 711 l’accenno
1868 679 1910 712 ad
1941 688 2018 713 esse

200 744 294 789 (vedi
319 747 395 780 doc.
421 756 452 779 n.
478 743 564 787 XV).

291 859 362 895 24.
388 863 434 895 La
457 862 523 895 fine
546 861 624 895 dell'
637 871 727 895 anno
755 862 840 894 1330
863 864 1052 904 apportava
1077 872 1159 904 pure
1185 863 1215 896 la
1239 864 1305 896 fine
1329 864 1384 897 dei
1411 864 1576 897 disordini
1601 874 1619 897 e
1644 865 1732 898 delle
1756 865 1939 905 discordie,
1957 866 2018 899 che

201 942 356 967 avevano
380 934 507 976 agitato
538 932 646 966 Pavia
669 942 687 966 e
713 933 742 966 le
767 933 849 966 altre
874 933 953 966 citta
988 933 1066 966 dell’
1080 933 1148 966 alta
1173 934 1275 967 Italia.
1302 934 1324 967 Il
1350 944 1384 968 re
1411 934 1580 968 Giovanni
1606 936 1640 968 di
1666 936 1930 979 Lussemburgo,
1955 937 2017 969 che

202 1004 292 1047 negli
318 986 424 1037 ultimi
449 1004 556 1046 giomi
582 1004 615 1037 di
641 1003 743 1046 quell'
757 1013 847 1037 anno
864 1013 920 1037 era
937 1005 1067 1037 entrato
1084 1005 1117 1037 in
1142 1004 1280 1038 Brescia
1297 1015 1360 1038 con
1379 1006 1411 1039 la
1428 1006 1541 1039 nobile
1563 1007 1726 1040 missione
1751 1007 1784 1039 di
1810 1008 2020 1040 dimostrarsi

202 1075 302 1118 quale
327 1085 384 1109 era
407 1076 594 1108 acclamato
619 1075 663 1108 da
694 1076 769 1108 tutti
794 1084 852 1108 rex
869 1076 978 1117 pacis,
1003 1075 1030 1108 s'
1045 1085 1100 1108 era
1125 1077 1215 1109 visto
1251 1079 1484 1118 prontamente
1521 1079 1654 1120 seguito
1678 1079 1722 1111 da
1746 1079 1844 1120 quasi
1881 1080 1964 1112 tutte
1990 1079 2020 1112 le

201 1148 280 1181 citta'
305 1147 392 1180 nelle
417 1147 510 1189 quali
535 1147 613 1190 egli,
638 1149 827 1180 restaurato
852 1147 873 1180 il
899 1157 1061 1190 govemo,
1088 1148 1275 1181 richiamati
1301 1149 1346 1191 gli
1372 1149 1469 1189 esuh,
1497 1150 1664 1191 pacificati
1683 1150 1727 1192 gli
1745 1151 1858 1190 animi,
1875 1152 1968 1183 tento
1985 1151 2018 1183 di

202 1220 404 1262 inaugurare
429 1218 556 1252 un’era
591 1219 736 1252 feconda
761 1219 794 1252 di
820 1220 1011 1261 prosperita
1036 1229 1053 1252 e
1078 1220 1111 1252 di
1137 1220 1255 1252 calma.
1281 1219 1397 1253 Anehe
1434 1220 1540 1253 Pavia
1576 1221 1712 1254 dovette
1737 1231 1756 1254 a
1781 1222 1826 1254 lui
1852 1222 1883 1254 la
1908 1231 2023 1254 cessa-

202 1291 298 1323 zione
323 1290 376 1323 dei
402 1290 578 1330 disordini‚
604 1290 753 1332 quando,
777 1286 920 1324 formata
945 1300 1011 1323 una
1037 1300 1150 1324 nuova
1174 1292 1481 1325 amministrazione
1509 1292 1688 1325 comunale
1713 1294 1803 1325 sotto
1828 1293 1848 1325 il
1871 1293 2020 1326 Podesta

202 1360 378 1394 Odofredo
402 1361 446 1394 da
471 1361 588 1401 Iseo‚a
613 1371 727 1394 mezzo
751 1361 856 1403 aprile
881 1362 935 1394 del
964 1362 1043 1395 1331
1074 1363 1102 1395 si
1128 1371 1230 1395 erano
1249 1363 1364 1395 inviati
1392 1363 1639 1396 ambasciadori
1666 1364 1754 1396 della
1779 1364 1858 1397 citta
1883 1364 1914 1397 al
1939 1366 2019 1397 noto

203 1441 390 1475 congresso
414 1433 448 1465 di
474 1431 719 1473 Castelfranco,
738 1433 827 1466 dove
845 1433 897 1466 col
923 1442 958 1466 re
983 1432 1154 1466 Giovanni
1179 1443 1197 1466 e
1222 1434 1274 1467 col
1300 1434 1427 1476 Legato
1451 1435 1626 1476 pontificio
1644 1435 1830 1468 Bertrando
1854 1436 1908 1468 del
1934 1435 2023 1478 Pog-

204 1505 295 1546 getto
320 1504 349 1537 si
374 1504 555 1537 dovevano
591 1505 719 1546 gettare
755 1504 784 1538 le
810 1505 885 1537 basi
910 1505 944 1537 di
970 1505 1047 1547 quel
1084 1515 1198 1538 nuovo
1234 1508 1374 1545 assetto,
1399 1506 1443 1539 da
1468 1507 1521 1539 cui
1558 1507 1634 1539 tutti
1671 1507 1965 1549 ripromettevansi
1992 1507 2023 1540 la

205 1575 367 1618 pubblica
391 1576 514 1617 quiete.
541 1575 566 1608 E
591 1576 635 1608 da
659 1578 782 1618 questo
819 1585 1005 1619 congresso
1042 1578 1136 1619 parte
1162 1577 1182 1609 il
1209 1578 1317 1619 primo
1353 1578 1500 1619 impulso
1526 1579 1558 1611 di
1584 1580 1669 1611 tutto
1705 1579 1782 1620 quel
1809 1580 2024 1619 movimento,

204 1647 267 1680 che
291 1647 412 1688 spiana
436 1647 502 1690 agli
528 1646 742 1690 Agostiniani
768 1648 799 1680 la
824 1649 879 1681 via
904 1657 965 1690 per
989 1649 1150 1681 stabilirsi
1177 1658 1297 1690 presso
1323 1648 1355 1682 S.
1381 1649 1494 1682 Pietro
1519 1647 1614 1690 (vedi
1641 1652 1720 1683 nota
1736 1648 1788 1691 (1)
1812 1651 1901 1683 della
1926 1651 2021 1693 pagi-

204 1727 247 1751 na
271 1716 339 1760 41).
365 1718 399 1751 In
424 1721 546 1761 questa
570 1719 641 1752 loro
666 1720 782 1752 chiesa
808 1720 947 1760 intanto,
973 1730 1060 1762 poco
1092 1721 1200 1762 prima
1225 1721 1279 1754 del
1306 1730 1492 1763 congresso
1518 1722 1551 1754 di
1570 1720 1814 1762 Castelfranco,
1832 1723 1840 1754 i
1859 1721 2023 1755 Canonici

203 1789 258 1832 gia
283 1790 422 1822 cacciati
447 1790 502 1822 dal
527 1789 671 1830 Bavaro‚
697 1799 799 1823 erano
824 1791 901 1824 stati
928 1791 1114 1824 richiamati
1140 1792 1194 1824 dal
1220 1792 1312 1834 figlio
1337 1792 1391 1825 del
1417 1802 1451 1825 re
1468 1791 1657 1843 ‘GiovannL
1684 1793 1704 1825 il
1729 1793 1841 1826 futuro
1881 1794 2024 1835 impera-

202 1862 274 1894 tore
298 1859 400 1895 Carlo
425 1861 478 1902 IV,
503 1862 524 1894 il
550 1862 661 1904 quale,
687 1862 809 1895 diretto
833 1872 853 1895 a
877 1862 999 1896 Parma
1024 1872 1085 1905 per
1117 1864 1339 1906 raggiungere
1365 1864 1386 1896 il
1412 1865 1527 1906 padre,
1552 1865 1751 1898 trovandosi
1777 1866 1810 1898 di
1836 1867 2020 1908 passaggio

205 1933 238 1966 in
264 1932 380 1973 Pavia,
405 1933 438 1966 vi
464 1933 600 1966 celebro
625 1933 656 1966 la
681 1933 830 1976 Pasqua,
855 1935 918 1967 che
943 1935 976 1967 in
1010 1934 1120 1976 quest'
1134 1944 1223 1968 anno
1259 1936 1389 1968 cadeva
1414 1935 1435 1968 il
1460 1936 1497 1968 31
1528 1936 1562 1968 di
1588 1945 1710 1969 marzo.
1737 1937 1785 1969 Ed
1811 1939 1964 1978 appunto
1989 1938 2021 1970 in

203 2004 315 2046 quest’
329 2005 512 2038 occasione
538 2005 690 2038 accadde
715 2006 735 2038 il
761 2005 844 2039 fatto
870 2006 1020 2039 luttuoso
1044 2006 1418 2040 dell’avvelenamento
1442 2008 1496 2040 del
1524 2009 1656 2050 seguito
1681 2008 1714 2040 di
1740 2007 1851 2048 Carlo,
1870 2009 1931 2041 che
1949 2009 2022 2041 abi-

200 2077 280 2108 tava
304 2076 337 2108 in
362 2075 396 2109 S.
423 2075 536 2109 Pietro
562 2077 594 2109 in
621 2075 694 2110 Ciel
720 2077 829 2110 d’oro
845 2074 906 2119 (2).

292 2147 426 2181 Mutato
451 2149 523 2181 cosi
548 2148 568 2180 l’
583 2149 751 2182 ambiente
790 2149 939 2190 politico,
965 2148 1158 2192 Guglielmo
1183 2152 1227 2183 da
1251 2149 1419 2184 Cremona
1444 2160 1508 2184 con
1534 2152 1542 2183 i
1569 2152 1644 2184 suoi
1678 2151 1850 2193 Religiosi,
1876 2154 2020 2193 protetto

201 2218 257 2251 dal
281 2218 399 2252 favore
423 2219 478 2252 del
503 2219 598 2262 Papa
623 2229 640 2253 e
665 2220 720 2253 dal
746 2229 780 2253 re
808 2219 990 2261 Giovanni,
1014 2221 1133 2255 faceva
1169 2223 1324 2264 ingresso
1349 2223 1381 2254 in
1407 2221 1439 2255 S.
1467 2222 1580 2255 Pietro
1605 2223 1637 2254 in
1663 2221 1735 2255 Ciel
1761 2222 1793 2255 d'
1811 2232 1870 2255 oro
1896 2223 1916 2255 il
1942 2223 1962 2255 5
1987 2223 2019 2255 di

200 2290 327 2332 giugno
355 2290 449 2330 1331,
467 2299 508 2324 ne
535 2291 708 2332 prendeva
733 2291 754 2323 il
780 2301 947 2333 possesso
971 2289 1065 2334 (vedi
1091 2294 1166 2326 doc.
1192 2291 1389 2334 XVII-XIX)
1415 2303 1432 2326 e
1450 2293 1644 2326 circondato
1663 2294 1751 2326 dalla
1776 2302 1838 2326 sua
1863 2295 2022 2326 nascente

201 2358 383 2394 Comunita
407 2361 578 2404 stipulava
603 2371 667 2395 con
693 2363 701 2395 i
727 2361 892 2396 Canonici
918 2364 1029 2405 quelle
1062 2365 1285 2397 convenzioni
1310 2374 1327 2397 e
1352 2365 1430 2406 quei
1457 2365 1551 2406 patti,
1576 2365 1638 2397 che
1663 2365 1842 2397 dovevano
1868 2365 2017 2406 regolare

254 2527 285 2552 (1)
299 2526 389 2553 Questa
403 2528 490 2550 notizia
505 2528 517 2550 e
532 2529 591 2550 tolta
606 2528 834 2556 dell'autobiogratia
849 2530 871 2552 di
887 2530 956 2552 Carlo
971 2531 1000 2553 lV
1023 2531 1083 2553 nella

203 2571 312 2595 Raccolta
327 2572 382 2596 Rer.
397 2572 578 2595 Bonemicarum
599 2573 698 2601 Antiqui
718 2574 853 2602 Scriptores
867 2575 904 2597 del
919 2576 1025 2602 FREHER,
1043 2581 1084 2602 pa-

1137 2531 1252 2553 hominem
1277 2531 1398 2557 pulchrum
1422 2533 1445 2553 et
1466 2531 1558 2558 agilem,
1583 2537 1651 2558 quem
1675 2537 1721 2552 non
1745 2531 1852 2557 cognovi,
1876 2531 1915 2558 qui
1940 2531 2017 2553 deam-

1137 2575 1234 2597 bulabat
1249 2581 1327 2597 coram
1349 2581 1428 2597 mensa
1450 2575 1539 2601 lingens
1554 2581 1580 2597 se
1595 2577 1693 2597 mutum.
1716 2575 1750 2597 De
1771 2581 1819 2602 quo
1840 2575 1919 2597 habita
1941 2576 2018 2602 suspi-

202 2616 256 2643 gina
269 2617 303 2644 90,
325 2617 444 2639 Hanoviae
461 2617 519 2644 1⁶02,
535 2623 547 2639 e
562 2618 582 2639 ci
597 2618 610 2640 ὲ
624 2619 688 2640 stata
702 2619 853 2645 gentilmente
876 2619 983 2642 additata
998 2620 1035 2642 dal
1046 2621 1082 2642 ch.

203 2660 264 2688 proi.
279 2660 307 2683 G.
322 2661 435 2684 Romano,

255 2704 286 2732 (2)
300 2705 365 2728 Nella
379 2706 451 2728 citata
465 2707 638 2734 autobiogratia
652 2707 721 2730 Carlo
736 2708 774 2736 lv,
789 2708 852 2736 dopo
866 2714 922 2731 aver
943 2709 1010 2731 detto
1031 2709 1081 2736 che,

203 2749 319 2772 chiamato
334 2749 372 2772 dal
387 2750 459 2777 padre
474 2751 496 2773 in
511 2751 585 2779 ltalia,
601 2757 640 2774 era
650 2757 718 2774 sceso
733 2753 771 2779 pel
781 2752 906 2780 Sempione
917 2753 953 2775 nel
963 2753 1082 2775 territorio

202 2798 324 2822 novarese,
338 2795 466 2822 aggiunge:
481 2802 493 2813 «
507 2795 592 2818 abinde
606 2796 658 2818 veni
673 2797 696 2818 in
710 2802 838 2824 parasceve
856 2798 878 2819 in
900 2797 1019 2819 civitatem
1041 2797 1084 2819 Pa-

201 2838 263 2866 piae,
278 2843 348 2866 quarn
363 2839 459 2861 tenebat
480 2841 547 2867 pater
568 2846 642 2863 meus.
658 2841 682 2863 ln
697 2841 734 2863 die
755 2842 834 2864 autem
856 2841 968 2869 Paschae,
993 2842 1082 2864 scilicet

201 2882 305 2904 secunda
319 2882 357 2905 die
378 2884 505 2910 postquam
529 2890 646 2912 veneram,
669 2885 797 2907 intoxicata
812 2885 855 2908 tuit
869 2885 955 2907 familia
977 2891 1037 2913 mea,
1059 2887 1082 2907 et

202 2931 246 2953 ego
260 2925 346 2952 (divina
361 2933 398 2949 me
411 2927 487 2954 gratia
502 2929 649 2956 protegente)
663 2929 743 2951 evasi:
759 2930 813 2957 quia
829 2935 912 2957 magna
933 2930 1008 2952 Missa
1029 2936 1082 2957 pro-

201 2969 247 2992 llxe
269 2971 395 2999 agebatur,
417 2973 440 2994 et
457 2973 652 2996 communicatam
676 2974 699 2996 in
722 2974 812 3002 eadem,
828 2976 852 2996 et
875 2975 937 2996 nolui
959 2974 1081 2996 comedere

202 3015 257 3037 ante
271 3015 377 3038 Missam.
400 3015 459 3039 Cum
479 3018 559 3039 autern
574 3017 630 3040 irem
644 3017 675 3040 ad
690 3019 821 3046 prandium,
843 3018 930 3040 dictum
953 3019 1006 3040 mihi
1027 3018 1079 3046 tuit,

201 3059 266 3086 quod
279 3059 366 3082 tamilla
380 3066 432 3083 mea
445 3061 525 3084 subito
539 3062 562 3084 in
581 3062 740 3085 infirmitatem
758 3063 882 3090 ceciderat,
904 3064 928 3085 et
949 3063 1082 3090 specialiter

201 3102 242 3131 illl,
257 3104 296 3131 qui
310 3105 365 3127 ante
379 3105 502 3132 prandium
516 3106 675 3129 comederant.
700 3107 748 3134 Ego
762 3108 841 3129 autem
863 3107 948 3129 sedens
963 3107 985 3129 in
1001 3113 1080 3129 mensa

200 3147 324 3171 comedere
344 3149 416 3177 nolui,
439 3150 464 3172 et
486 3155 580 3173 eramus
601 3157 683 3174 omnes
703 3151 786 3174 territi.
809 3152 837 3174 Et
852 3151 886 3174 sic
899 3151 1017 3179 aspiciens
1031 3151 1077 3173 vidi

1137 2620 1212 2647 cione,
1237 2620 1314 2646 ipsum
1338 2620 1457 2646 captivare
1481 2619 1523 2641 ieci
1538 2626 1543 2641 z
1568 2619 1607 2646 qui
1632 2620 1687 2646 post
1714 2619 1786 2641 multa
1809 2620 1925 2641 tormenta
1947 2620 2017 2642 tertia

1137 2664 1174 2686 die
1189 2664 1282 2686 locutus
1297 2665 1341 2691 est,
1357 2665 1380 2685 et
1395 2663 1518 2686 confessus
1535 2663 1578 2685 tuit
1593 2663 1656 2690 quod
1676 2664 1726 2690 ipse
1741 2664 1762 2685 in
1778 2664 1853 2685 culina
1868 2664 1961 2686 cibariis
1982 2666 2017 2686 to-

1136 2709 1213 2730 xicum
1237 2708 1364 2730 immiserat
1388 2708 1416 2729 de
1438 2708 1503 2729 iussu
1526 2709 1549 2729 et
1571 2708 1735 2734 procuratione
1758 2708 1845 2730 Azonis
1868 2709 2017 2731 vicecomitis

1136 2753 1328 2775 mediolanensis.
1345 2753 1379 2774 De
1394 2753 1432 2774 illo
1447 2754 1526 2774 autem
1541 2753 1618 2774 toxico
1633 2752 1727 2774 luerunt
1742 2753 1826 2774 mortui
1842 2753 1956 2775 lohannes
1975 2757 2018 2775 Do-

1137 2798 1213 2819 minus
1223 2797 1252 2819 de
1263 2797 1336 2824 Berge
1351 2797 1462 2823 magister
1471 2797 1549 2818 curiae
1560 2802 1632 2823 meae,
1648 2797 1761 2819 lohannes
1772 2797 1800 2819 de
1811 2797 1921 2825 Honkrin,
1936 2797 2015 2820 Simon

1136 2842 1165 2864 de
1180 2842 1259 2869 Keyla,
1281 2842 1320 2869 qui
1336 2841 1484 2863 deserviebat
1507 2846 1600 2863 mensae
1625 2847 1689 2863 meae
1704 2843 1727 2863 et
1742 2842 1874 2869 complures
1894 2843 1941 2864 alii.
1967 2843 2015 2870 Ego

1136 2888 1215 2908 autem
1226 2886 1347 2908 manebam
1362 2886 1402 2907 illo
1418 2887 1524 2913 tempore
1543 2886 1565 2907 in
1577 2886 1719 2908 monasterio
1736 2887 1810 2909 sancti
1821 2887 1954 2915 Augustini,
1974 2888 2013 2910 ubl

1135 2936 1222 2957 corpus
1232 2936 1300 2952 suum
1311 2930 1371 2952 iacet
1379 2931 1401 2952 in
1410 2930 1490 2957 Papia,
1501 2930 1530 2952 de
1540 2935 1588 2957 quo
1598 2931 1740 2953 monasterio
1751 2931 1871 2958 expulerat
1883 2932 2015 2954 Ludovicus

1135 2975 1164 2997 de
1180 2975 1278 2997 Bavaria
1292 2975 1402 2996 abbatem
1417 2975 1441 2996 et
1455 2975 1580 2997 canonicos
1595 2975 1714 3002 regulares
1728 2975 1789 2998 illius
1800 2977 1943 3003 monasterii,
1954 2982 2014 3004 quos

1135 3025 1179 3046 ego
1194 3025 1306 3041 revocans
1321 3019 1343 3041 in
1358 3019 1503 3046 praedictum
1518 3019 1685 3041 monasterium
1700 3020 1826 3042 introduxi.
1846 3020 1914 3046 Quod
1936 3027 2015 3043 mona-

1135 3063 1259 3085 sterium...
1276 3063 1339 3090 Papa
1360 3063 1474 3085 lohannes
1494 3063 1678 3091 Augustinianis,
1694 3069 1793 3091 quorum
1817 3064 1881 3087 Ordo
1902 3065 2013 3087 hodierna

1135 3107 1172 3129 die
1187 3107 1301 3134 possidet,
1316 3107 1422 3134 contulit,
1438 3107 1572 3130 dominante
1586 3107 1661 3135 [patre
1682 3114 1742 3136 meo,
1758 3109 1844 3135 quibus
1858 3110 1925 3136 pater
1946 3115 2013 3132 meus

1133 3152 1308 3179 possessionem
1323 3151 1420 3174 tradidit
1434 3159 1454 3174 ».
