2496 3600
471 217 516 256 46

468 359 530 393 per
553 353 689 393 pactum
713 360 917 394 expressum
941 354 979 386 etr
998 352 1088 385 omni
1113 352 1180 386 alio
1205 352 1287 392 iure,
1312 351 1414 394 modo
1438 353 1472 385 et
1494 351 1602 386 forma
1625 352 1753 394 quibus
1776 351 1899 387 melius
1921 354 2050 395 potest:
2073 353 2235 397 et‘ipsoi

467 415 500 446 et
523 413 614 450 facto
639 414 791 456 predicta
816 423 882 456 que
907 415 957 448 sic
983 414 1253 456 impetrabuntur
1276 416 1309 448 et
1333 414 1575 455 concedentur,
1606 413 1734 448 nullius
1769 414 1896 448 valoris
1920 416 1954 448 et
1977 415 2061 449 iuris
2091 415 2240 450 existant
2262 415 2301 451 in*

466 475 617 509 favorem
653 476 820 510 dictorum
857 476 1008 510 Fratrum
1045 476 1276 510 Eremitarum.
1302 475 1343 510 Et
1366 476 1520 518 predicta
1544 477 1792 519 promisserunt
1815 478 1848 511 et
1872 477 2071 520 promittunt
2093 477 2176 512 dicti
2196 477 2299 512 Prior

465 535 646 571 Generalis
670 540 702 572 et
727 538 861 572 Fratres
885 538 1026 572 Ordinis
1051 538 1272 572 Eremitarum
1296 538 1428 572 eisdem
1453 537 1578 572 Abbati
1603 540 1636 572 et
1660 537 1847 573 Canonicis
1864 540 2108 582 recipientibus
2131 542 2165 575 et
2187 540 2299 583 stipu7

465 599 615 634 lantibus
652 601 787 634 nomine
828 601 909 634 dicti
950 601 1158 640 monasterii,
1197 601 1372 634 attendere
1397 602 1430 634 et
1453 601 1639 634 observare
1663 603 1697 635 et
1720 610 1788 635 non
1827 601 2058 636 contrafacere
2093 602 2148 636 vel
2180 602 2296 637 venire
2338 614 2362 631 r

464 662 579 704 aliqua
604 663 732 695 ratione
768 663 822 696 vel
859 671 975 702 causa,
1011 663 1078 696 sub
1114 672 1203 705 pena
1239 663 1462 696 restitutionis
1498 663 1593 707 dupli
1629 663 1734 697 totius
1769 663 1908 706 dampni
1945 665 1978 698 et
1999 663 2178 704 {interesse
2202 665 2295 707 quod

464 724 592 757 dictum
618 725 859 758 monasterium
884 734 1025 767 passum
1050 725 1149 758 fuerit
1174 725 1417 759 occasionibus
1441 726 1633 766 antedictis,
1658 727 1691 759 et
1714 726 1781 759 sub
1805 726 2013 769 obligatione
2048 727 2199 761 omnium
2234 727 2298 766 bo-2

463 795 582 819 norum
607 787 687 819 dicti
713 786 864 826 Ordinis,
890 787 955 820 nisi
981 787 1134 829 predicta
1158 787 1283 820 fuerint
1308 787 1486 829 impetrata
1510 787 1553 821 de
1578 796 1746 830 expressa
1770 788 1945 822 voluntate
1962 787 2108 822 Abbatis
2124 789 2206 825 dicti
2223 797 2300 830 m0.-‚

465 849 614 881 nasterii.

552 910 631 943 ltem
657 911 685 943 si
711 911 922 953 contingeret
946 911 1095 953 aliquam
1120 912 1261 954 gratiam
1287 912 1340 944 vel
1366 912 1581 955 privilegium
1595 912 1734 955 aliquod
1749 913 1891 946 concedi
1905 913 2006 948 dictis
2024 913 2198 948 Fratribus
2214 913 2296 951 Ere-1

462 972 596 1005 mitanis
621 981 640 1005 a
666 971 817 1007 Romana
842 971 946 1006 Curia
971 973 1024 1006 vel
1049 973 1142 1014 alibi,
1166 983 1210 1007 ex
1235 983 1304 1016 quo
1329 974 1383 1007 vel
1408 975 1535 1016 quibus
1552 975 1663 1017 possit
1680 975 1836 1018 derogari
1854 975 2079 1016 libertatibus,
2096 976 2253 1020 privilegi

461 1034 695 1076 dignitatibus,
720 1035 833 1074 statui,
859 1035 1058 1076 honoribus,
1083 1038 1115 1069 et
1140 1036 1271 1070 iuribus
1307 1037 1388 1070 dicti
1424 1036 1570 1070 Abbatis
1594 1039 1627 1070 et
1651 1035 1903 1071 Canonicorum
1933 1046 2072 1071 suorum
2108 1039 2166 1080 qui
2203 1047 2248 1072 nu

461 1099 540 1129 sunt
565 1097 618 1129 vel
644 1106 705 1138 per
728 1099 882 1139 tempora
906 1099 1014 1137 erunt,
1039 1100 1131 1131 motu
1157 1099 1296 1141 proprio
1321 1097 1449 1132 Summi
1474 1098 1652 1133 Pontificis
1676 1099 1730 1133 vel
1756 1100 1914 1133 habentis
1927 1100 2160 1134 auctoritatem
2177 1101 2222 1134 ab

461 1160 493 1190 et
518 1167 584 1191 non
610 1159 652 1191 ad
679 1159 934 1200 requisitionem
960 1168 1021 1193 seu
1046 1161 1243 1202 petitionem
1268 1161 1435 1194 dictorum
1461 1160 1612 1194 Fratrum
1637 1161 1870 1202 Eremitarum,
1886 1162 2134 1205 promisserunt
2157 1164 2191 1196 et
2214 1172 2238 1206 p

461 1221 594 1253 mittunt
619 1221 699 1254 dicti
726 1221 822 1254 Prior
846 1220 1025 1256 Generalis
1049 1225 1082 1256 et
1107 1222 1240 1256 Fratres
1265 1223 1422 1263 Eremite,
1447 1224 1582 1257 nomine
1607 1224 1687 1257 dicti
1713 1223 1864 1264 Ordinis,
1889 1225 1999 1258 eidem
2013 1224 2138 1259 Abbati
2163 1227 2196 1259 et

461 1284 605 1323 nonicis,
631 1285 766 1317 nomine
803 1285 884 1318 dicti
910 1286 1107 1318 monasterii
1143 1285 1399 1327 stipulantibus,
1424 1286 1517 1328 quod
1543 1287 1630 1328 ipsis
1654 1287 1761 1329 gratia
1785 1289 1818 1320 et
1842 1287 2042 1330 privilegiis,
2059 1296 2126 1330 que
2143 1288 2194 1321 sic
2210 1297 2252 1322 co

461 1346 635 1386 cedentur,
672 1356 738 1379 non
776 1349 911 1380 utentur
945 1348 1011 1380 sub
1047 1357 1135 1389 pena
1160 1350 1192 1381 et
1216 1348 1425 1391 obligatione
1461 1349 1620 1391 superius
1652 1349 1833 1383 denotatis.
1858 1349 1933 1383 Nisi
1958 1351 1994 1383 ut
2018 1350 2105 1392 ipsis
2128 1351 2236 1393 gratia

461 1408 650 1450 privilegiis
676 1410 811 1441 utantur
835 1418 895 1451 per
919 1408 1094 1442 Summum
1120 1409 1319 1443 Pontificem
1344 1411 1474 1444 eisdem
1492 1410 1666 1444 Fratribus
1683 1411 1840 1445 Eremitis
1857 1411 1973 1445 datum
1988 1411 2090 1446 fuerit
2106 1420 2168 1454 per
2183 1420 2244 1446 ver

465 1471 677 1511 preceptoria
702 1471 904 1512 expressius
929 1471 961 1503 in
987 1472 1165 1504 mandatis.

532 1531 611 1564 item
636 1533 664 1565 si
690 1533 892 1575 contingerit
916 1533 1028 1566 dictos
1053 1533 1186 1567 Fratres
1212 1534 1377 1568 Eremitas
1402 1535 1505 1568 modo
1529 1535 1646 1578 aliquo
1670 1536 1713 1569 de
1738 1536 1809 1569 iure
1835 1536 1888 1569 vel
1914 1536 1956 1569 de
1981 1535 2083 1576 facto,
2108 1536 2156 1569 uti
2184 1536 2299 1579 gratia,

462 1727 592 1760 pressa,
618 1719 710 1760 quod
736 1720 816 1752 dicti
842 1720 975 1753 Fratres
1001 1720 1167 1754 Eremitae
1191 1722 1370 1754 teneantur
1393 1721 1436 1754 ad
1462 1722 1708 1756 restitutionem
1733 1722 1828 1764 dupli
1854 1723 1900 1756 rei
1925 1723 2044 1756 invase
2069 1724 2103 1756 et
2125 1731 2237 1767 occup
2282 1768 2283 1771 Ἰ

462 1783 494 1813 et
519 1782 669 1814 omnium
694 1784 727 1815 et
751 1783 962 1825 singulorum
988 1783 1212 1824 dampnorum
1238 1785 1270 1816 et
1295 1784 1471 1824 interesse,
1496 1793 1563 1826 que
1589 1785 1717 1818 dictum
1742 1785 1984 1818 monasterium
2012 1770 2154 1828 passum
2182 1779 2309 1834 fueri&

461 1844 704 1877 occasionibus
729 1845 921 1885 antedictis,
958 1847 990 1878 et
1027 1845 1246 1879 nihilominus
1271 1846 1353 1879 ratis
1377 1848 1410 1879 et
1434 1847 1540 1880 firmis
1564 1847 1780 1881 manentibus
1817 1848 1976 1881 omnibus
2008 1849 2041 1881 et
2065 1847 2212 1891 singulis
2234 1832 2315 1883 stt-⁷

462 1906 625 1947 pradictis
650 1908 682 1939 et
707 1907 932 1949 infrascriptis
948 1908 1059 1949 pactis
1076 1910 1109 1941 et
1126 1908 1404 1950 obligationibus.
1430 1908 1504 1942 Nisi
1529 1909 1610 1942 dicti
1636 1909 1769 1943 Fratres
1793 1908 1934 1943 Ordinis
1958 1909 2191 1950 Eremitarum,
2206 1910 2241 1944 in

460 1970 538 2000 octo
563 1969 638 2001 dies
662 1970 840 2010 proximos
865 1972 944 2011 post
968 1970 1258 2003 denuntiationem
1284 1971 1480 2004 huiusmodi
1505 1971 1555 2004 eis
1579 1971 1703 2005 factam
1728 1981 1790 2013 per
1805 1971 1974 2005 Abbatem
1991 1972 2073 2005 dieti
2095 1971 2307 2011 monasterii¹

463 2030 516 2062 vel
542 2039 603 2071 per
626 2031 700 2064 eius
725 2031 935 2073 legiptimum
962 2032 1142 2072 sindicum,
1167 2033 1376 2066 dimisserint
1400 2033 1511 2066 eidem
1536 2032 1661 2067 Abbati
1694 2034 1837 2076 pacifice
1861 2043 1931 2067 rem
1956 2035 2007 2067 sic
2031 2036 2234 2076 occupatam
2254 2034 2292 2069 ‘et

465 2092 618 2125 invasam
644 2095 677 2126 et
702 2094 967 2127 renuntiaverint
1003 2095 1089 2136 ipsis
1125 2095 1232 2137 gratie
1257 2097 1290 2128 et
1313 2095 1504 2138 privilegiis
1540 2096 1590 2129 sic
1627 2097 1870 2136 concedendis,
1895 2097 1950 2130 vel
1975 2092 2041 2130 nisi
2058 2097 2188 2130 eisdem
2212 2095 2299 2131 Fran-⁴

464 2155 573 2187 tribus
599 2154 738 2188 Ordinis
764 2155 996 2196 Eremitarum,
1033 2165 1094 2198 per
1130 2155 1305 2190 Summum
1342 2151 1553 2198 Pontificem,
1579 2158 1643 2191 hoc
1668 2158 1768 2191 fuerit
1792 2159 1907 2192 datum
1933 2168 1994 2201 per
2017 2159 2123 2192 verba
2146 2166 2304 2201 precepe‘

465 2217 550 2249 toria
575 2218 776 2258 expressius
802 2218 835 2250 in
860 2218 1040 2252 mandatis.
2214 2256 2218 2259 Δ

554 2278 633 2311 item
659 2279 701 2312 de
726 2280 861 2312 comuni
887 2289 1059 2314 consensu
1085 2281 1251 2314 dictorum
1277 2281 1422 2315 Abbatis
1447 2284 1479 2315 et
1504 2281 1755 2316 Canonicorum
1779 2285 1813 2317 et
1837 2284 2003 2316 dictorum
2028 2282 2156 2317 Prioris
2180 2281 2256 2317 Gen
2286 2318 2290 2319 ⁷

464 2340 543 2373 ralis
568 2343 600 2374 et
626 2341 777 2374 Fratrum
803 2341 943 2375 Ordinis
980 2343 1200 2376 Eremitarum
1226 2346 1258 2377 et
1283 2344 1384 2377 dictis
1420 2345 1626 2385 nominibus,
1663 2347 1825 2379 statutum
1849 2347 1883 2378 et
1907 2346 2099 2380 ordinatum
2122 2347 2176 2379 est
2199 2344 2293 2388 quod

462 2403 627 2444 quicquid
654 2404 784 2436 venerit
808 2405 851 2437 ad
877 2405 1058 2438 ecclesiam
1095 2406 1175 2438 dicti
1213 2407 1419 2446 monasterii,
1460 2407 1589 2440 ratione
1613 2407 1798 2440 oblationis
1823 2407 1877 2441 vel
1902 2408 1984 2447 voti,
2009 2407 2063 2441 vel
2088 2408 2218 2441 ratione

466 2465 556 2497 neris
581 2474 642 2498 seu
668 2466 853 2507 sepulture,
879 2467 1043 2508 quicquid
1069 2468 1102 2500 id
1127 2469 1181 2507 sit,
1207 2469 1363 2510 pecunia,
1388 2477 1550 2510 pannum,
1575 2478 1664 2509 cera,
1689 2470 1779 2511 equi,
1804 2471 1836 2502 et
1861 2479 1960 2503 omne
1978 2469 2070 2503 aliud
2088 2470 2181 2512 quod
2197 2470 2245 2504 ob

462 2529 531 2559 tum
557 2527 667 2567 fuerit,
692 2537 798 2561 causa
823 2529 876 2562 vel
902 2529 1023 2562 intuitu
1049 2530 1203 2563 eiusdem
1228 2530 1367 2570 funeris,
1392 2533 1499 2564 totum
1525 2532 1568 2564 sit
1593 2541 1738 2565 comune
1774 2532 1867 2565 dicto
1906 2531 2031 2565 Abbati
2056 2534 2089 2565 et
2114 2540 2178 2566 suo
2202 2530 2232 2566 C

465 2590 591 2629 ventui,
617 2599 656 2623 ac
682 2591 782 2626 etiam
808 2589 1001 2625 Conventui
1026 2592 1194 2625 dictorum
1212 2592 1363 2626 Fratrum
1389 2593 1623 2634 Eremitarum,
1641 2594 1686 2627 ita
1703 2595 1739 2627 ut
1754 2603 1816 2636 per
1839 2594 1988 2627 medium
2013 2595 2099 2627 inter
2123 2595 2220 2637 ipsos

465 2651 608 2691 vidatur,
634 2654 666 2685 et
691 2653 724 2685 id
749 2654 806 2686 fiat
830 2654 872 2686 de
898 2654 989 2686 omni
1015 2663 1056 2687 eo
1080 2655 1173 2696 quod
1199 2655 1388 2688 comuniter
1423 2655 1476 2688 vel
1513 2656 1741 2693 indifferenter
1775 2657 1998 2697 dimitteretur
2031 2656 2177 2690 ecclesie
2200 2658 2295 2692 ante-
2315 2650 2355 2675 '³'

463 2713 564 2752 dicte,
590 2723 656 2746 non
682 2715 890 2748 nominando
914 2716 1042 2749 dictum
1068 2715 1236 2750 Abbatem
1262 2719 1295 2750 et
1319 2715 1526 2757 Canonicos,
1551 2726 1613 2751 nec
1639 2717 1772 2751 Fratres
1797 2718 1877 2751 dicti
1903 2717 2043 2751 Ordinis
2057 2718 2243 2752 Eremitaru

464 2776 498 2807 et
522 2775 586 2807 hoc
611 2776 685 2808 sive
711 2777 920 2819 relinquatur
944 2779 977 2810 in
1002 2780 1216 2819 testamento,
1242 2779 1315 2812 sive
1341 2779 1440 2812 detur
1463 2789 1604 2822 quoquo
1628 2780 1696 2813 alio
1721 2780 1824 2813 modo
1847 2789 1910 2814 seu
1934 2780 2042 2820 titulo,
2067 2789 2128 2822 per
2145 2781 2234 2814 medi

467 2836 552 2869 inter
569 2846 630 2870 eos
647 2837 819 2871 dividatur
837 2841 872 2872 ut
889 2840 1016 2873 dictum
1034 2842 1096 2873 est.
1114 2839 1331 2883 Quicumque
1348 2843 1460 2874 autem
1479 2841 1724 2882 contrafecerit,
1741 2842 1974 2876 subtrahendo
1990 2845 2119 2884 partem
2137 2852 2204 2885 que
2235 2843 2306 2879 deff<

468 2898 564 2930 betur
588 2898 712 2932 Abbati
731 2902 763 2933 et
780 2899 965 2935 Canonicis
990 2903 1070 2936 dicti
1097 2904 1303 2943 monasterii,
1328 2904 1381 2937 vel
1407 2913 1450 2937 ex
1479 2904 1545 2938 alia
1562 2906 1656 2946 parte
1674 2905 1906 2938 subtrahendo
1923 2907 2052 2947 partem
2069 2914 2136 2947 que
2153 2906 2296 2939 debetur
2335 2926 2375 2953 ³2„

468 2959 651 3000 Fratribus,
677 2962 753 3003 ipso
777 2962 867 2995 facto
893 2964 1012 2997 reddat
1036 2965 1178 3007 duplum
1204 2965 1250 2998 illi
1275 2975 1377 3007 quem
1402 2966 1560 2999 offendet.
1586 2966 1627 2999 Et
1651 2967 1680 3000 si
1704 2966 1804 3000 fuerit
1827 2967 1995 3007 officialis,
2030 2967 2073 3000 ad
2098 2954 2371 3016 petitionem

468 3021 521 3054 vel
547 3022 740 3056 instantiam
766 3025 872 3065 partis
897 3034 963 3067 que
988 3027 1153 3068 receperit
1177 3028 1332 3061 iniuriam
1358 3028 1391 3060 in
1416 3037 1450 3061 re
1476 3028 1615 3061 notabili
1641 3029 1715 3062 sive
1739 3029 1937 3071 dampnum,
1961 3029 2160 3062 absolvatur
2182 3038 2203 3062 a
2230 3038 2295 3063 suo

468 3083 597 3128 offfcio;
624 3087 656 3117 et
673 3085 702 3118 si
720 3085 819 3119 fuerit
836 3086 878 3119 de
896 3086 1070 3121 Fratribus
1095 3087 1235 3122 Ordinis
1260 3089 1480 3123 Eremitarum
1507 3092 1705 3123 amoveatur
1728 3099 1748 3123 a
1772 3093 1953 3124 conventu.
1978 3089 2068 3130 Quia
2083 3093 2196 3125 tamen
2213 3091 2294 3125 dicti
