2496 3600
2005 94 2016 116 ι

500 142 564 176 134

496 277 576 310 dedi
602 286 668 319 pro
692 277 864 316 carnibus,
890 277 1045 320 piscibus
1069 279 1101 310 et
1125 285 1227 310 caseo
1251 260 1487 318 suprascripto
1512 276 1675 318 magistro
1710 275 1859 309 Antonio
1882 278 1915 310 et
1938 276 2014 310 eius
2037 276 2108 310 tilio
2121 276 2154 309 in
2167 277 2320 320 quinque
2386 284 2390 301 ³

493 339 618 373 diebus
644 340 677 373 in
703 348 837 374 summa
861 339 947 373 sold.
974 336 1048 373 XII.
1075 339 1154 372 Item
1179 339 1259 372 dedi
1284 338 1316 371 in
1341 338 1450 371 tribus
1475 337 1662 372 clavibus...
1688 347 1832 381 quarum
1852 347 1918 372 una
1935 339 2080 381 posita...
2105 339 2139 372 in
2163 338 2320 374 sacristia

495 402 539 436 ad
565 403 737 436 cancellos
761 402 904 436 Arche...
930 402 1017 435 sold.
1043 401 1083 442 X,
1107 401 1185 434 den.
1212 397 1270 433 VI.
1296 400 1374 434 ltem
1399 401 1454 433 die
1479 400 1598 434 ultimo
1629 401 1697 435 dat.
1723 402 1756 434 in
1781 401 1954 441 carnibus,
1978 402 2135 444 piscibus
2159 403 2193 435 et
2215 409 2320 436 caseo

493 474 556 507 pro
582 466 744 508 magistro
769 465 917 498 Antonio
941 467 974 498 et
998 465 1073 498 eius
1097 464 1167 496 tilio
1193 463 1280 496 sold.
1308 461 1346 495 X.
2370 454 2386 466 ”“

582 527 736 570 Espense
762 528 891 560 mensis
916 527 1087 560 februarii.
2356 572 2359 573 ⁷

582 589 615 622 In
642 590 759 632 primis
784 590 839 623 die
865 589 912 632 lllJ
950 590 1049 622 datos
1087 590 1119 622 in
1157 589 1242 622 libra
1278 589 1388 632 stagni
1426 598 1488 631 pro
1522 588 1682 622 fenestris
1717 587 1764 623 de‘
1785 589 1974 623 reiiectorio
2009 590 2098 623 sold.
2134 589 2199 623 Xll.
2236 589 2318 624 Item
2360 586 2374 637 j

487 651 545 684 die
570 651 622 684 Xll
650 652 727 685 dedi
754 653 786 684 in
812 652 967 695 piscibus
992 661 1053 694 pro
1079 652 1242 694 magistro
1278 650 1426 697 Antonio
1449 654 1482 685 et
1507 651 1576 685 filio
1601 652 1634 685 in
1659 653 1806 694 quatuor
1840 651 1965 686 diebus
1999 652 2086 686 sold.
2112 651 2212 686 Vlll...
2236 651 2318 686 Item

489 713 544 746 die
570 713 655 756 XVlJ
682 714 905 756 suprascripti
943 713 1071 747 mensis
1107 712 1268 747 februarii
1305 714 1382 746 dedi
1419 714 1509 747 sotio
1545 714 1696 757 magistri
1720 713 1858 748 Antonii
1894 714 2035 757 pictoris
2069 723 2132 757 pro
2166 715 2320 758 quinque
2340 714 2374 768 3'

489 775 613 809 diebus
649 777 776 818 quibus
801 777 977 809 adiuvavit
1010 777 1122 818 ipsum
1148 776 1221 809 libr.
1248 776 1281 809 ll.
1307 776 1385 809 item
1411 776 1489 809 dedi
1515 777 1548 809 in
1573 777 1728 819 piscibus
1753 786 1815 819 pro
1838 777 1990 820 quinque
2014 777 2139 811 diebus
2162 786 2224 819 pro
2248 785 2326 811 ma·
2342 802 2347 820 3

490 838 596 879 gistro
610 838 757 871 Antonto
782 841 815 871 et
839 838 936 871 socio
960 838 1046 871 sold.
1074 837 1135 871 X...
1162 837 1242 871 Item
1266 839 1322 872 die
1347 838 1463 872 ultima
1487 839 1566 872 dedi
1592 839 1687 872 socio
1711 839 1874 882 magistro
1898 838 2035 873 Antonii
2060 840 2118 882 qui
2143 839 2320 875 adiuvavit
2339 840 2375 881 ·}

489 911 566 935 eum
602 904 748 943 quatuor
783 901 939 934 diebus...
966 901 1040 940 libr,
1067 900 1088 940 l,
1125 900 1212 934 sold.
1238 900 1307 933 XII.
1344 899 1425 934 item
1461 901 1539 934 dedi
1565 901 1598 934 in
1625 902 1779 943 piscibus
1814 910 1877 944 pro
1912 902 2075 944 magistro
2102 901 2251 935 Antonio
2283 902 2320 936 et

488 965 585 998 socio
609 966 641 997 et
665 964 735 996 filio
760 964 792 996 in
818 964 970 1006 quinque
996 963 1120 996 diebus
1145 963 1232 996 sold.
1258 963 1298 996 X.
2353 955 2355 958 ⁴

578 1026 739 1069 Expense
765 1026 894 1059 mensis
919 1026 1046 1059 marcii.
2360 1063 2363 1065 ,

635 1089 714 1122 Item
739 1089 794 1122 die
821 1088 862 1121 Vl
888 1089 968 1121 dedi
995 1089 1157 1131 magistro
1182 1088 1331 1123 Antonio
1355 1090 1475 1132 pictori
1502 1099 1564 1132 pro
1588 1090 1838 1133 complemento
1863 1091 2018 1124 undecim
2034 1091 2238 1124 florenorum
2254 1099 2319 1134 pro
2363 1090 2374 1138 j

485 1153 623 1186 duabus
658 1152 817 1185 fenestris
842 1151 938 1184 vitrei
965 1160 1027 1193 pro
1054 1151 1231 1185 refectorio
1257 1151 1329 1185 libr.
1353 1151 1440 1185 XVI.
1466 1152 1547 1186 Item
1572 1153 1628 1186 die
1653 1151 1708 1186 Vll
1734 1153 1813 1187 dedi
1839 1153 1871 1186 in
1897 1154 2052 1196 piscibus
2075 1162 2138 1196 pro
2165 1153 2318 1196 quinque
2350 1159 2374 1202 's

488 1215 611 1248 diebus
637 1224 698 1257 pro
724 1215 886 1257 magistro
911 1213 1059 1248 Antonio
1084 1216 1117 1247 et
1141 1214 1211 1247 tilio
1236 1215 1322 1248 sold.
1348 1214 1387 1248 X.
1415 1215 1495 1248 ltem
1520 1216 1640 1249 eadem
1665 1216 1720 1249 die
1744 1216 1824 1249 dedi
1860 1216 1956 1250 socio
1991 1215 2143 1259 magistri
2178 1214 2317 1250 Antonii
2350 1202 2370 1259 J

493 1288 555 1320 pro
580 1279 699 1312 eadem
724 1278 779 1310 die
805 1277 892 1310 sold.
918 1275 998 1310 VIII.
1082 1277 1161 1310 Item
1186 1277 1242 1310 die
1267 1276 1339 1311 XIII
1363 1279 1492 1311 mensis
1517 1279 1741 1321 suprascripti
1766 1279 1845 1312 dedi
1871 1279 1967 1312 socio
1999 1278 2150 1322 magistri
2175 1277 2314 1312 Antonii
2348 1268 2359 1295 ’ἶ

495 1350 557 1383 pro
581 1341 701 1374 eadem
726 1341 781 1373 die
806 1340 893 1374 sold.
919 1339 986 1372 Xll.
1013 1339 1093 1373 Item
1119 1340 1198 1373 dedi
1224 1341 1256 1373 in
1283 1341 1438 1382 piscibus
1463 1350 1525 1383 pro
1549 1342 1701 1383 quinque
1725 1342 1850 1375 diebus
1882 1351 1944 1384 pro
1968 1342 2131 1384 magistro
2165 1339 2316 1375 Antonio
2367 1345 2379 1366 j„

489 1406 521 1437 et
546 1404 615 1437 tilio
640 1404 727 1437 sold.
753 1402 792 1436 X.
834 1402 914 1436 Item
940 1403 995 1436 die
1019 1402 1135 1435 XVIIII
1162 1403 1290 1436 mensis
1314 1404 1422 1437 martii
1448 1404 1527 1437 dedi
1553 1405 1643 1437 sotio
1667 1405 1818 1447 magistri
1845 1404 1981 1438 Antonii
2006 1405 2148 1447 pictoris
2177 1404 2236 1447 qui
2268 1404 2319 1438 la-

489 1467 622 1500 boravit
646 1468 793 1509 quatuor
817 1466 941 1499 diebus
965 1465 1008 1498 ad
1035 1466 1281 1508 reparationem
1307 1466 1463 1506 ecclesie,
1488 1467 1603 1500 dando
1628 1476 1690 1510 pro
1714 1467 1867 1510 qualibet
1890 1467 1946 1500 die
1970 1466 2058 1500 sold.
2083 1466 2153 1507 XII,
2180 1474 2315 1501 summa

489 1532 542 1563 est
562 1530 636 1562 libr.
655 1529 692 1569 ll,
710 1529 797 1562 sold.
815 1528 897 1561 VIII.
916 1528 996 1562 ltem
1014 1529 1082 1561 dat.
1101 1529 1133 1561 in
1151 1529 1306 1571 piscibus
1323 1538 1385 1571 pro
1401 1531 1548 1571 quatuor
1574 1530 1698 1563 diebus
1723 1539 1785 1572 pro
1803 1530 1972 1579 magistro
1988 1529 2138 1563 Antonio
2163 1531 2197 1564 et
2219 1529 2317 1564 socio

487 1592 574 1625 sold.
593 1592 673 1625 VIII.
692 1592 771 1625 Item
790 1591 869 1624 dedi
888 1592 1050 1633 magistro
1068 1590 1217 1624 Antonio
1234 1600 1296 1633 pro
1313 1593 1408 1633 parte
1425 1592 1607 1625 solutionis
1624 1591 1781 1625 laborerii
1798 1592 1944 1626 ecclesie
1955 1592 2032 1626 libr.
2047 1591 2112 1635 1111,
2125 1592 2214 1626 sold.
2226 1590 2313 1626 xvi.
2350 1588 2364 1646 ἐζ

577 1654 738 1696 Expense
763 1654 851 1687 facte
876 1654 919 1687 de
945 1662 1061 1687 mense
1086 1654 1214 1696 aprilis.
2208 1678 2209 1681 η

634 1717 714 1750 item
740 1718 794 1750 die
821 1716 874 1759 IIIJ
899 1717 979 1749 dedi
1005 1717 1167 1759 magistro
1192 1716 1340 1750 Antonio
1365 1726 1427 1759 pro
1451 1720 1546 1759 parte
1571 1718 1753 1751 solutionis
1777 1718 1934 1752 laborerii
1959 1718 2105 1752 ecclesie
2138 1718 2212 1752 libr.
2247 1716 2314 1759 1111,
2351 1707 2376 1744 's

484 1781 574 1814 sold.
600 1780 683 1813 XVI.
711 1780 791 1813 Item
817 1780 895 1813 dedi
922 1780 1019 1812 socio
1043 1780 1123 1812 dicti
1165 1780 1316 1822 magistri
1353 1779 1491 1813 Antonii
1517 1781 1574 1823 qui
1602 1780 1770 1815 laboravit
1794 1790 1856 1815 sex
1881 1781 2039 1815 diebus...
2065 1781 2139 1814 libr.
2157 1780 2208 1822 111,
2223 1779 2314 1816 sold.

487 1843 551 1876 Xll.
634 1843 713 1876 Item
737 1843 792 1875 die
817 1842 879 1876 X...
905 1842 984 1875 dedi
1010 1843 1043 1875 in
1067 1842 1196 1875 iactura
1222 1843 1322 1875 unius
1346 1842 1423 1876 ferri
1449 1852 1512 1885 pro
1536 1844 1729 1886 stagnando
1753 1843 1929 1886 pumblum
1954 1845 2031 1878 tecti
2055 1843 2202 1878 ecclesie
2225 1843 2314 1878 sold.

486 1897 551 1930 Xll.
577 1897 656 1930 Item
682 1897 737 1929 die
762 1896 817 1939 XlJ
844 1896 912 1929 dat.
939 1897 1102 1938 magistro
1127 1895 1277 1929 Antonio
1302 1897 1423 1938 pictori
1449 1906 1511 1939 pro
1535 1899 1630 1939 parte
1655 1897 1849 1938 solutionis,
1874 1897 1948 1931 libr.
1973 1898 2020 1938 lll,
2037 1897 2125 1932 sold.
2155 1897 2215 1941 lllJ.
2232 1897 2315 1933 Item

486 1961 555 1994 dat.
581 1960 669 1993 sotio
694 1960 773 1998 dicti
814 1959 965 2001 magistri
990 1968 1053 2000 pro
1077 1960 1229 2001 quinque
1265 1959 1389 1993 diebus
1470 1959 1544 1993 libr.
1570 1960 1603 1999 ll,
1628 1960 1716 1993 sold.
1753 1960 1837 1994 XVI.
1919 1960 1999 1994 Item
2024 1961 2080 1994 die
2105 1958 2209 2004 xan
2233 1959 2314 1995 dedi

488 2023 650 2064 magistro
675 2021 823 2055 Antonio
848 2022 967 2063 pictori
993 2030 1054 2063 pro
1080 2023 1174 2063 parte
1202 2022 1383 2055 solutionis
1408 2021 1565 2056 laborerii
1602 2022 1759 2062 ecclesie,
1796 2023 1870 2056 libr.
1907 2022 1958 2063 Vl,
1994 2023 2082 2056 sold.
2118 2022 2196 2056 Vlll.
2232 2021 2313 2057 item

486 2085 565 2118 dedi
592 2085 680 2118 sotio
705 2085 786 2118 dicti
813 2084 965 2126 magistri
991 2085 1049 2126 qui
1076 2084 1243 2117 laboravit
1283 2086 1415 2126 septem
1451 2085 1575 2118 diebus
1600 2085 1632 2117 in
1659 2085 1828 2119 laborerio
1863 2086 2131 2128 suprascripto...
2157 2085 2231 2119 libr.
2255 2084 2316 2126 lul,

487 2148 573 2181 sold.
600 2147 659 2190 lllJ.
742 2147 822 2180 Item
847 2148 902 2180 die
928 2146 1071 2189 xxviii]
1097 2147 1176 2180 dedi
1203 2148 1300 2180 socio
1325 2148 1475 2190 magistri
1506 2147 1642 2181 Antonii
1679 2157 1741 2190 pro
1776 2149 1886 2182 tribus
1909 2149 2034 2182 diebus
2057 2148 2185 2191 quibus
2220 2147 2318 2184 iabo-
2342 2135 2371 2198 3²

488 2211 574 2244 ravit
598 2219 702 2252 super
726 2210 906 2243 ecclesiam
932 2210 1004 2242 libr.
1031 2210 1051 2249 l,
1077 2210 1165 2243 sold.
1192 2209 1275 2243 XVI.
2346 2200 2364 2213 ⁷

577 2273 738 2315 Expense
765 2273 893 2306 mensis
918 2273 1037 2305 Madii.
2361 2307 2379 2322 ..

578 2336 611 2368 In
637 2336 755 2378 primis
779 2336 834 2368 die
859 2335 898 2368 Vl
924 2336 1002 2368 dedi
1029 2336 1061 2368 in
1088 2345 1208 2368 novem
1236 2336 1331 2369 libris
1356 2337 1466 2379 stagni
1493 2345 1554 2378 pro
1579 2339 1757 2379 copertura
1781 2336 1956 2371 ecclesie...
1982 2337 2056 2370 libr.
2081 2337 2127 2377 lll,
2151 2337 2239 2371 sold.
2267 2336 2314 2373 111.

488 2399 567 2432 Item
593 2400 648 2432 die
674 2398 716 2431 IX
741 2399 819 2431 dedi
845 2399 941 2431 socio
967 2399 1116 2440 magistri
1147 2397 1284 2431 Antonii
1310 2407 1372 2440 pro
1401 2399 1553 2441 quinque
1589 2399 1746 2433 diebus...
1783 2400 1856 2433 libr.
1882 2400 1927 2433 lll.
1954 2400 2033 2434 Item
2057 2400 2112 2433 die
2136 2398 2211 2436 xvi
2234 2399 2316 2435 dedi
2336 2395 2361 2439 ’,Ῐζς

487 2462 596 2496 eidem
621 2471 682 2504 pro
707 2464 853 2504 quatuor
877 2461 999 2494 diebus
1025 2461 1098 2493 libr.
1125 2461 1146 2493 ll
1172 2461 1258 2494 sold.
1285 2461 1360 2494 Vlll.
1387 2461 1466 2494 Item
1491 2462 1609 2495 eadem
1627 2462 1682 2495 die
1699 2463 1781 2496 dedi
1796 2463 1958 2506 magistro
1975 2462 2124 2496 Antonio
2140 2472 2203 2505 pro
2218 2464 2318 2506 parte

487 2526 667 2558 solutionis
693 2525 808 2566 operis
832 2524 976 2557 ecclesie
1002 2524 1075 2556 libr.
1094 2523 1135 2556 IX
1153 2524 1239 2556 sold.
1266 2523 1319 2556 XII
1395 2524 1475 2557 Item
1493 2524 1548 2557 die
1566 2524 1665 2557 XXIII
1691 2525 1770 2558 dedi
1795 2526 1885 2559 sotio
1910 2525 2061 2568 magistri
2086 2524 2224 2559 Antonii
2251 2533 2316 2568 pro
2343 2529 2370 2558 ζ

487 2588 656 2621 solutione
682 2588 833 2629 quinque
858 2587 1000 2626 dierum,
1018 2586 1091 2619 libr.
1111 2586 1155 2618 lll.
1175 2586 1254 2619 Item
1272 2586 1327 2619 die
1345 2586 1438 2620 XXX
1455 2587 1679 2629 suprascripti
1697 2588 1826 2621 mensis
1843 2588 1945 2621 madii
1963 2588 2030 2621 dat.
2048 2588 2137 2621 sotio
2162 2587 2314 2630 magistri

486 2650 623 2683 Antonii
650 2659 712 2692 pro
737 2649 907 2682 solutione
933 2649 1084 2691 quinque
1110 2649 1240 2682 dierum
1267 2650 1300 2681 in
1325 2649 1452 2691 quibus
1477 2649 1645 2682 laboravit
1726 2650 1799 2683 libr.
1825 2650 1871 2690 lll,
1895 2650 1982 2683 sold.
2009 2649 2062 2683 Xll
2096 2650 2209 2684 ...Item
2232 2636 2374 2699 dedi

488 2713 650 2755 magistro
675 2712 824 2745 Antonio
849 2722 911 2754 pro
936 2712 1186 2754 complemento
1210 2712 1392 2746 solutionis
1417 2712 1572 2746 laborerii
1597 2713 1740 2746 ecclesie
1765 2713 1913 2746 florenos
1937 2715 2004 2746 tres
2029 2714 2087 2756 qui
2123 2714 2317 2749 ascendunt
2337 2705 2374 2759 'f-

486 2776 518 2807 in
544 2784 675 2808 summa
701 2775 773 2808 libr.
801 2774 877 2808 vnn
903 2775 990 2808 sold.
1017 2774 1082 2807 xn.
2335 2769 2363 2814 ,ἶ

577 2837 642 2870 Nel
664 2846 753 2870 mese
777 2838 812 2870 di
838 2836 973 2879 Gmgno
998 2839 1239 2872 incominciano
1264 2840 1277 2872 i
1299 2839 1405 2872 lovon·
1427 2839 1463 2872 di
1477 2839 1687 2881 fondazione
1710 2839 1799 2873 della
1815 2839 2002 2882 foresteria,
2027 2840 2087 2873 che
2114 2841 2315 2875 continuam

488 2900 543 2932 nel
567 2899 694 2941 Luglio.
2351 2891 2355 2896 ²

649 2958 779 2994 1384.

578 3024 613 3056 1η
638 3024 833 3064 quest'anno
858 3025 887 3058 Ie
912 3035 1007 3067 spese
1032 3028 1238 3060 cominciano
1262 3028 1294 3061 in
1318 3027 1430 3070 Aprile
1449 3037 1513 3070 per
1532 3028 1566 3061 Ia
1590 3029 1789 3070 ricopertura
1812 3029 1868 3062 del
1886 3030 2042 3071 granerio,
2078 3029 2144 3063 Nel
2176 3029 2314 3071 maggio
2354 3023 2356 3025 ’
